%YAML 1.1
%TAG !u! tag:unity3d.com,2011:
--- !u!1 &101330177385210857
GameObject:
  m_ObjectHideFlags: 0
  m_CorrespondingSourceObject: {fileID: 0}
  m_PrefabInstance: {fileID: 0}
  m_PrefabAsset: {fileID: 0}
  serializedVersion: 6
  m_Component:
  - component: {fileID: 9173007706778860693}
  - component: {fileID: 2511352415558496238}
  - component: {fileID: 5511129628262082556}
  m_Layer: 0
  m_Name: Plane
  m_TagString: Untagged
  m_Icon: {fileID: 0}
  m_NavMeshLayer: 0
  m_StaticEditorFlags: 0
  m_IsActive: 1
--- !u!4 &9173007706778860693
Transform:
  m_ObjectHideFlags: 0
  m_CorrespondingSourceObject: {fileID: 0}
  m_PrefabInstance: {fileID: 0}
  m_PrefabAsset: {fileID: 0}
  m_GameObject: {fileID: 101330177385210857}
  m_LocalRotation: {x: -0, y: 1, z: -0, w: 0.0000029504295}
  m_LocalPosition: {x: 2.7591455, y: -0.44725046, z: -0.048648447}
  m_LocalScale: {x: 0.281326, y: 0.6951685, z: 0.63434124}
  m_Children: []
  m_Father: {fileID: 464694711659977723}
  m_RootOrder: 2
  m_LocalEulerAnglesHint: {x: 0, y: 0, z: 0}
--- !u!33 &2511352415558496238
MeshFilter:
  m_ObjectHideFlags: 0
  m_CorrespondingSourceObject: {fileID: 0}
  m_PrefabInstance: {fileID: 0}
  m_PrefabAsset: {fileID: 0}
  m_GameObject: {fileID: 101330177385210857}
  m_Mesh: {fileID: 10209, guid: 0000000000000000e000000000000000, type: 0}
--- !u!23 &5511129628262082556
MeshRenderer:
  m_ObjectHideFlags: 0
  m_CorrespondingSourceObject: {fileID: 0}
  m_PrefabInstance: {fileID: 0}
  m_PrefabAsset: {fileID: 0}
  m_GameObject: {fileID: 101330177385210857}
  m_Enabled: 1
  m_CastShadows: 1
  m_ReceiveShadows: 1
  m_DynamicOccludee: 1
  m_StaticShadowCaster: 0
  m_MotionVectors: 1
  m_LightProbeUsage: 1
  m_ReflectionProbeUsage: 1
  m_RayTracingMode: 2
  m_RayTraceProcedural: 0
  m_RenderingLayerMask: 1
  m_RendererPriority: 0
  m_Materials:
  - {fileID: 2100000, guid: 9a32cc49bdbec2f4e8a893cb1bba4e9c, type: 2}
  m_StaticBatchInfo:
    firstSubMesh: 0
    subMeshCount: 0
  m_StaticBatchRoot: {fileID: 0}
  m_ProbeAnchor: {fileID: 0}
  m_LightProbeVolumeOverride: {fileID: 0}
  m_ScaleInLightmap: 1
  m_ReceiveGI: 1
  m_PreserveUVs: 0
  m_IgnoreNormalsForChartDetection: 0
  m_ImportantGI: 0
  m_StitchLightmapSeams: 1
  m_SelectedEditorRenderState: 3
  m_MinimumChartSize: 4
  m_AutoUVMaxDistance: 0.5
  m_AutoUVMaxAngle: 89
  m_LightmapParameters: {fileID: 0}
  m_SortingLayerID: 0
  m_SortingLayer: 0
  m_SortingOrder: 0
  m_AdditionalVertexStreams: {fileID: 0}
--- !u!1001 &2394336052340960583
PrefabInstance:
  m_ObjectHideFlags: 0
  serializedVersion: 2
  m_Modification:
    m_TransformParent: {fileID: 0}
    m_Modifications:
    - target: {fileID: 27282740849174130, guid: d94487b79c40340b29747d105a2bbe69, type: 3}
      propertyPath: m_Name
      value: BurnedAddonDoor
      objectReference: {fileID: 0}
    - target: {fileID: 27282740849174132, guid: d94487b79c40340b29747d105a2bbe69, type: 3}
      propertyPath: m_Size.x
      value: 3.288601
      objectReference: {fileID: 0}
    - target: {fileID: 27282740849174132, guid: d94487b79c40340b29747d105a2bbe69, type: 3}
      propertyPath: m_Size.y
      value: 2.3261738
      objectReference: {fileID: 0}
    - target: {fileID: 27282740849174132, guid: d94487b79c40340b29747d105a2bbe69, type: 3}
      propertyPath: m_Size.z
      value: 6.2613745
      objectReference: {fileID: 0}
    - target: {fileID: 27282740849174132, guid: d94487b79c40340b29747d105a2bbe69, type: 3}
      propertyPath: m_Center.x
      value: 0.114482164
      objectReference: {fileID: 0}
    - target: {fileID: 27282740849174132, guid: d94487b79c40340b29747d105a2bbe69, type: 3}
      propertyPath: m_Center.y
      value: -0.16308713
      objectReference: {fileID: 0}
    - target: {fileID: 27282740849174132, guid: d94487b79c40340b29747d105a2bbe69, type: 3}
      propertyPath: m_Center.z
      value: -0.018990993
      objectReference: {fileID: 0}
    - target: {fileID: 27282740849174135, guid: d94487b79c40340b29747d105a2bbe69, type: 3}
      propertyPath: m_RootOrder
      value: 0
      objectReference: {fileID: 0}
    - target: {fileID: 27282740849174135, guid: d94487b79c40340b29747d105a2bbe69, type: 3}
      propertyPath: m_LocalScale.x
      value: 1.4385
      objectReference: {fileID: 0}
    - target: {fileID: 27282740849174135, guid: d94487b79c40340b29747d105a2bbe69, type: 3}
      propertyPath: m_LocalScale.y
      value: 1.4385
      objectReference: {fileID: 0}
    - target: {fileID: 27282740849174135, guid: d94487b79c40340b29747d105a2bbe69, type: 3}
      propertyPath: m_LocalScale.z
      value: 1.4385
      objectReference: {fileID: 0}
    - target: {fileID: 27282740849174135, guid: d94487b79c40340b29747d105a2bbe69, type: 3}
      propertyPath: m_LocalPosition.x
      value: 2.8788023
      objectReference: {fileID: 0}
    - target: {fileID: 27282740849174135, guid: d94487b79c40340b29747d105a2bbe69, type: 3}
      propertyPath: m_LocalPosition.y
      value: 0.30999994
      objectReference: {fileID: 0}
    - target: {fileID: 27282740849174135, guid: d94487b79c40340b29747d105a2bbe69, type: 3}
      propertyPath: m_LocalPosition.z
      value: 7.4400196
      objectReference: {fileID: 0}
    - target: {fileID: 27282740849174135, guid: d94487b79c40340b29747d105a2bbe69, type: 3}
      propertyPath: m_LocalRotation.w
      value: 0.0000029504295
      objectReference: {fileID: 0}
    - target: {fileID: 27282740849174135, guid: d94487b79c40340b29747d105a2bbe69, type: 3}
      propertyPath: m_LocalRotation.x
      value: -0
      objectReference: {fileID: 0}
    - target: {fileID: 27282740849174135, guid: d94487b79c40340b29747d105a2bbe69, type: 3}
      propertyPath: m_LocalRotation.y
      value: -1
      objectReference: {fileID: 0}
    - target: {fileID: 27282740849174135, guid: d94487b79c40340b29747d105a2bbe69, type: 3}
      propertyPath: m_LocalRotation.z
      value: -0
      objectReference: {fileID: 0}
    - target: {fileID: 27282740849174135, guid: d94487b79c40340b29747d105a2bbe69, type: 3}
      propertyPath: m_LocalEulerAnglesHint.x
      value: 0
      objectReference: {fileID: 0}
    - target: {fileID: 27282740849174135, guid: d94487b79c40340b29747d105a2bbe69, type: 3}
      propertyPath: m_LocalEulerAnglesHint.y
      value: -180
      objectReference: {fileID: 0}
    - target: {fileID: 27282740849174135, guid: d94487b79c40340b29747d105a2bbe69, type: 3}
      propertyPath: m_LocalEulerAnglesHint.z
      value: 0
      objectReference: {fileID: 0}
    - target: {fileID: 1617091366120098021, guid: d94487b79c40340b29747d105a2bbe69, type: 3}
      propertyPath: m_RootOrder
      value: 0
      objectReference: {fileID: 0}
    - target: {fileID: 2453399044040403563, guid: d94487b79c40340b29747d105a2bbe69, type: 3}
      propertyPath: m_RootOrder
      value: 0
      objectReference: {fileID: 0}
    - target: {fileID: 8383854099425823858, guid: d94487b79c40340b29747d105a2bbe69, type: 3}
      propertyPath: stringReference.variable
      value: 
      objectReference: {fileID: 11400000, guid: e816ee32284756a45bc261d7b2d74525, type: 2}
    m_RemovedComponents: []
  m_SourcePrefab: {fileID: 100100000, guid: d94487b79c40340b29747d105a2bbe69, type: 3}
--- !u!4 &2403389989415387605 stripped
Transform:
  m_CorrespondingSourceObject: {fileID: 27282740892413074, guid: d94487b79c40340b29747d105a2bbe69, type: 3}
  m_PrefabInstance: {fileID: 2394336052340960583}
  m_PrefabAsset: {fileID: 0}
--- !u!1001 &2810943460974248711
PrefabInstance:
  m_ObjectHideFlags: 0
  serializedVersion: 2
  m_Modification:
    m_TransformParent: {fileID: 7719028157635656011}
    m_Modifications:
    - target: {fileID: 100000, guid: 295449d41603d3f45864e4520ef4e7be, type: 3}
      propertyPath: m_IsActive
      value: 0
      objectReference: {fileID: 0}
    - target: {fileID: 100004, guid: 295449d41603d3f45864e4520ef4e7be, type: 3}
      propertyPath: m_Name
      value: CFX_DoubleFlameA Looped (3)
      objectReference: {fileID: 0}
    - target: {fileID: 400004, guid: 295449d41603d3f45864e4520ef4e7be, type: 3}
      propertyPath: m_RootOrder
      value: 3
      objectReference: {fileID: 0}
    - target: {fileID: 400004, guid: 295449d41603d3f45864e4520ef4e7be, type: 3}
      propertyPath: m_LocalScale.x
      value: 2.9357567
      objectReference: {fileID: 0}
    - target: {fileID: 400004, guid: 295449d41603d3f45864e4520ef4e7be, type: 3}
      propertyPath: m_LocalScale.y
      value: 1.4383917
      objectReference: {fileID: 0}
    - target: {fileID: 400004, guid: 295449d41603d3f45864e4520ef4e7be, type: 3}
      propertyPath: m_LocalScale.z
      value: 0.9046909
      objectReference: {fileID: 0}
    - target: {fileID: 400004, guid: 295449d41603d3f45864e4520ef4e7be, type: 3}
      propertyPath: m_LocalPosition.x
      value: 0.91278505
      objectReference: {fileID: 0}
    - target: {fileID: 400004, guid: 295449d41603d3f45864e4520ef4e7be, type: 3}
      propertyPath: m_LocalPosition.y
      value: -0.21164322
      objectReference: {fileID: 0}
    - target: {fileID: 400004, guid: 295449d41603d3f45864e4520ef4e7be, type: 3}
      propertyPath: m_LocalPosition.z
      value: 0.2669101
      objectReference: {fileID: 0}
    - target: {fileID: 400004, guid: 295449d41603d3f45864e4520ef4e7be, type: 3}
      propertyPath: m_LocalRotation.w
      value: 0.7071068
      objectReference: {fileID: 0}
    - target: {fileID: 400004, guid: 295449d41603d3f45864e4520ef4e7be, type: 3}
      propertyPath: m_LocalRotation.x
      value: -0.7071068
      objectReference: {fileID: 0}
    - target: {fileID: 400004, guid: 295449d41603d3f45864e4520ef4e7be, type: 3}
      propertyPath: m_LocalRotation.y
      value: -0
      objectReference: {fileID: 0}
    - target: {fileID: 400004, guid: 295449d41603d3f45864e4520ef4e7be, type: 3}
      propertyPath: m_LocalRotation.z
      value: -0
      objectReference: {fileID: 0}
    - target: {fileID: 400004, guid: 295449d41603d3f45864e4520ef4e7be, type: 3}
      propertyPath: m_LocalEulerAnglesHint.x
      value: 0
      objectReference: {fileID: 0}
    - target: {fileID: 400004, guid: 295449d41603d3f45864e4520ef4e7be, type: 3}
      propertyPath: m_LocalEulerAnglesHint.y
      value: 0
      objectReference: {fileID: 0}
    - target: {fileID: 400004, guid: 295449d41603d3f45864e4520ef4e7be, type: 3}
      propertyPath: m_LocalEulerAnglesHint.z
      value: 0
      objectReference: {fileID: 0}
    - target: {fileID: 19900000, guid: 295449d41603d3f45864e4520ef4e7be, type: 3}
      propertyPath: m_Materials.Array.size
      value: 1
      objectReference: {fileID: 0}
    - target: {fileID: 19900002, guid: 295449d41603d3f45864e4520ef4e7be, type: 3}
      propertyPath: m_Materials.Array.size
      value: 1
      objectReference: {fileID: 0}
    - target: {fileID: 19900004, guid: 295449d41603d3f45864e4520ef4e7be, type: 3}
      propertyPath: m_Materials.Array.size
      value: 1
      objectReference: {fileID: 0}
    m_RemovedComponents: []
  m_SourcePrefab: {fileID: 100100000, guid: 295449d41603d3f45864e4520ef4e7be, type: 3}
--- !u!1001 &3096865822741259924
PrefabInstance:
  m_ObjectHideFlags: 0
  serializedVersion: 2
  m_Modification:
    m_TransformParent: {fileID: 7719028157635656011}
    m_Modifications:
    - target: {fileID: 100000, guid: 295449d41603d3f45864e4520ef4e7be, type: 3}
      propertyPath: m_IsActive
      value: 0
      objectReference: {fileID: 0}
    - target: {fileID: 100002, guid: 295449d41603d3f45864e4520ef4e7be, type: 3}
      propertyPath: m_IsActive
      value: 0
      objectReference: {fileID: 0}
    - target: {fileID: 100004, guid: 295449d41603d3f45864e4520ef4e7be, type: 3}
      propertyPath: m_Name
      value: CFX_DoubleFlameA Looped (4)
      objectReference: {fileID: 0}
    - target: {fileID: 400004, guid: 295449d41603d3f45864e4520ef4e7be, type: 3}
      propertyPath: m_RootOrder
      value: 4
      objectReference: {fileID: 0}
    - target: {fileID: 400004, guid: 295449d41603d3f45864e4520ef4e7be, type: 3}
      propertyPath: m_LocalScale.x
      value: 2.9357567
      objectReference: {fileID: 0}
    - target: {fileID: 400004, guid: 295449d41603d3f45864e4520ef4e7be, type: 3}
      propertyPath: m_LocalScale.y
      value: 1.4383917
      objectReference: {fileID: 0}
    - target: {fileID: 400004, guid: 295449d41603d3f45864e4520ef4e7be, type: 3}
      propertyPath: m_LocalScale.z
      value: 0.9046909
      objectReference: {fileID: 0}
    - target: {fileID: 400004, guid: 295449d41603d3f45864e4520ef4e7be, type: 3}
      propertyPath: m_LocalPosition.x
      value: -0.65134406
      objectReference: {fileID: 0}
    - target: {fileID: 400004, guid: 295449d41603d3f45864e4520ef4e7be, type: 3}
      propertyPath: m_LocalPosition.y
      value: -0.21164334
      objectReference: {fileID: 0}
    - target: {fileID: 400004, guid: 295449d41603d3f45864e4520ef4e7be, type: 3}
      propertyPath: m_LocalPosition.z
      value: -0.6020505
      objectReference: {fileID: 0}
    - target: {fileID: 400004, guid: 295449d41603d3f45864e4520ef4e7be, type: 3}
      propertyPath: m_LocalRotation.w
      value: 0.7071068
      objectReference: {fileID: 0}
    - target: {fileID: 400004, guid: 295449d41603d3f45864e4520ef4e7be, type: 3}
      propertyPath: m_LocalRotation.x
      value: -0.7071068
      objectReference: {fileID: 0}
    - target: {fileID: 400004, guid: 295449d41603d3f45864e4520ef4e7be, type: 3}
      propertyPath: m_LocalRotation.y
      value: -0
      objectReference: {fileID: 0}
    - target: {fileID: 400004, guid: 295449d41603d3f45864e4520ef4e7be, type: 3}
      propertyPath: m_LocalRotation.z
      value: -0
      objectReference: {fileID: 0}
    - target: {fileID: 400004, guid: 295449d41603d3f45864e4520ef4e7be, type: 3}
      propertyPath: m_LocalEulerAnglesHint.x
      value: 0
      objectReference: {fileID: 0}
    - target: {fileID: 400004, guid: 295449d41603d3f45864e4520ef4e7be, type: 3}
      propertyPath: m_LocalEulerAnglesHint.y
      value: 0
      objectReference: {fileID: 0}
    - target: {fileID: 400004, guid: 295449d41603d3f45864e4520ef4e7be, type: 3}
      propertyPath: m_LocalEulerAnglesHint.z
      value: 0
      objectReference: {fileID: 0}
    - target: {fileID: 19900000, guid: 295449d41603d3f45864e4520ef4e7be, type: 3}
      propertyPath: m_Materials.Array.size
      value: 1
      objectReference: {fileID: 0}
    - target: {fileID: 19900002, guid: 295449d41603d3f45864e4520ef4e7be, type: 3}
      propertyPath: m_Materials.Array.size
      value: 1
      objectReference: {fileID: 0}
    - target: {fileID: 19900004, guid: 295449d41603d3f45864e4520ef4e7be, type: 3}
      propertyPath: m_Materials.Array.size
      value: 1
      objectReference: {fileID: 0}
    m_RemovedComponents: []
  m_SourcePrefab: {fileID: 100100000, guid: 295449d41603d3f45864e4520ef4e7be, type: 3}
--- !u!1001 &3951074469112639027
PrefabInstance:
  m_ObjectHideFlags: 0
  serializedVersion: 2
  m_Modification:
    m_TransformParent: {fileID: 7719028157635656011}
    m_Modifications:
    - target: {fileID: 100000, guid: 295449d41603d3f45864e4520ef4e7be, type: 3}
      propertyPath: m_IsActive
      value: 0
      objectReference: {fileID: 0}
    - target: {fileID: 100004, guid: 295449d41603d3f45864e4520ef4e7be, type: 3}
      propertyPath: m_Name
      value: CFX_DoubleFlameA Looped (1)
      objectReference: {fileID: 0}
    - target: {fileID: 400004, guid: 295449d41603d3f45864e4520ef4e7be, type: 3}
      propertyPath: m_RootOrder
      value: 1
      objectReference: {fileID: 0}
    - target: {fileID: 400004, guid: 295449d41603d3f45864e4520ef4e7be, type: 3}
      propertyPath: m_LocalScale.x
      value: 2.9357567
      objectReference: {fileID: 0}
    - target: {fileID: 400004, guid: 295449d41603d3f45864e4520ef4e7be, type: 3}
      propertyPath: m_LocalScale.y
      value: 1.4383917
      objectReference: {fileID: 0}
    - target: {fileID: 400004, guid: 295449d41603d3f45864e4520ef4e7be, type: 3}
      propertyPath: m_LocalScale.z
      value: 0.9046909
      objectReference: {fileID: 0}
    - target: {fileID: 400004, guid: 295449d41603d3f45864e4520ef4e7be, type: 3}
      propertyPath: m_LocalPosition.x
      value: 0.7389929
      objectReference: {fileID: 0}
    - target: {fileID: 400004, guid: 295449d41603d3f45864e4520ef4e7be, type: 3}
      propertyPath: m_LocalPosition.y
      value: -0.2116431
      objectReference: {fileID: 0}
    - target: {fileID: 400004, guid: 295449d41603d3f45864e4520ef4e7be, type: 3}
      propertyPath: m_LocalPosition.z
      value: 1.8310392
      objectReference: {fileID: 0}
    - target: {fileID: 400004, guid: 295449d41603d3f45864e4520ef4e7be, type: 3}
      propertyPath: m_LocalRotation.w
      value: 0.7071068
      objectReference: {fileID: 0}
    - target: {fileID: 400004, guid: 295449d41603d3f45864e4520ef4e7be, type: 3}
      propertyPath: m_LocalRotation.x
      value: -0.7071068
      objectReference: {fileID: 0}
    - target: {fileID: 400004, guid: 295449d41603d3f45864e4520ef4e7be, type: 3}
      propertyPath: m_LocalRotation.y
      value: -0
      objectReference: {fileID: 0}
    - target: {fileID: 400004, guid: 295449d41603d3f45864e4520ef4e7be, type: 3}
      propertyPath: m_LocalRotation.z
      value: -0
      objectReference: {fileID: 0}
    - target: {fileID: 400004, guid: 295449d41603d3f45864e4520ef4e7be, type: 3}
      propertyPath: m_LocalEulerAnglesHint.x
      value: 0
      objectReference: {fileID: 0}
    - target: {fileID: 400004, guid: 295449d41603d3f45864e4520ef4e7be, type: 3}
      propertyPath: m_LocalEulerAnglesHint.y
      value: 0
      objectReference: {fileID: 0}
    - target: {fileID: 400004, guid: 295449d41603d3f45864e4520ef4e7be, type: 3}
      propertyPath: m_LocalEulerAnglesHint.z
      value: 0
      objectReference: {fileID: 0}
    - target: {fileID: 19900000, guid: 295449d41603d3f45864e4520ef4e7be, type: 3}
      propertyPath: m_Materials.Array.size
      value: 1
      objectReference: {fileID: 0}
    - target: {fileID: 19900002, guid: 295449d41603d3f45864e4520ef4e7be, type: 3}
      propertyPath: m_Materials.Array.size
      value: 1
      objectReference: {fileID: 0}
    - target: {fileID: 19900004, guid: 295449d41603d3f45864e4520ef4e7be, type: 3}
      propertyPath: m_Materials.Array.size
      value: 1
      objectReference: {fileID: 0}
    m_RemovedComponents: []
  m_SourcePrefab: {fileID: 100100000, guid: 295449d41603d3f45864e4520ef4e7be, type: 3}
--- !u!1001 &4235564812952066211
PrefabInstance:
  m_ObjectHideFlags: 0
  serializedVersion: 2
  m_Modification:
    m_TransformParent: {fileID: 7719028157635656011}
    m_Modifications:
    - target: {fileID: 100000, guid: 295449d41603d3f45864e4520ef4e7be, type: 3}
      propertyPath: m_IsActive
      value: 0
      objectReference: {fileID: 0}
    - target: {fileID: 100004, guid: 295449d41603d3f45864e4520ef4e7be, type: 3}
      propertyPath: m_Name
      value: CFX_DoubleFlameA Looped (6)
      objectReference: {fileID: 0}
    - target: {fileID: 400004, guid: 295449d41603d3f45864e4520ef4e7be, type: 3}
      propertyPath: m_RootOrder
      value: 6
      objectReference: {fileID: 0}
    - target: {fileID: 400004, guid: 295449d41603d3f45864e4520ef4e7be, type: 3}
      propertyPath: m_LocalScale.x
      value: 2.9357567
      objectReference: {fileID: 0}
    - target: {fileID: 400004, guid: 295449d41603d3f45864e4520ef4e7be, type: 3}
      propertyPath: m_LocalScale.y
      value: 1.4383917
      objectReference: {fileID: 0}
    - target: {fileID: 400004, guid: 295449d41603d3f45864e4520ef4e7be, type: 3}
      propertyPath: m_LocalScale.z
      value: 0.9046909
      objectReference: {fileID: 0}
    - target: {fileID: 400004, guid: 295449d41603d3f45864e4520ef4e7be, type: 3}
      propertyPath: m_LocalPosition.x
      value: -0.65134406
      objectReference: {fileID: 0}
    - target: {fileID: 400004, guid: 295449d41603d3f45864e4520ef4e7be, type: 3}
      propertyPath: m_LocalPosition.y
      value: -0.21164334
      objectReference: {fileID: 0}
    - target: {fileID: 400004, guid: 295449d41603d3f45864e4520ef4e7be, type: 3}
      propertyPath: m_LocalPosition.z
      value: -1.9923875
      objectReference: {fileID: 0}
    - target: {fileID: 400004, guid: 295449d41603d3f45864e4520ef4e7be, type: 3}
      propertyPath: m_LocalRotation.w
      value: 0.7071068
      objectReference: {fileID: 0}
    - target: {fileID: 400004, guid: 295449d41603d3f45864e4520ef4e7be, type: 3}
      propertyPath: m_LocalRotation.x
      value: -0.7071068
      objectReference: {fileID: 0}
    - target: {fileID: 400004, guid: 295449d41603d3f45864e4520ef4e7be, type: 3}
      propertyPath: m_LocalRotation.y
      value: -0
      objectReference: {fileID: 0}
    - target: {fileID: 400004, guid: 295449d41603d3f45864e4520ef4e7be, type: 3}
      propertyPath: m_LocalRotation.z
      value: -0
      objectReference: {fileID: 0}
    - target: {fileID: 400004, guid: 295449d41603d3f45864e4520ef4e7be, type: 3}
      propertyPath: m_LocalEulerAnglesHint.x
      value: 0
      objectReference: {fileID: 0}
    - target: {fileID: 400004, guid: 295449d41603d3f45864e4520ef4e7be, type: 3}
      propertyPath: m_LocalEulerAnglesHint.y
      value: 0
      objectReference: {fileID: 0}
    - target: {fileID: 400004, guid: 295449d41603d3f45864e4520ef4e7be, type: 3}
      propertyPath: m_LocalEulerAnglesHint.z
      value: 0
      objectReference: {fileID: 0}
    - target: {fileID: 19900000, guid: 295449d41603d3f45864e4520ef4e7be, type: 3}
      propertyPath: m_Materials.Array.size
      value: 1
      objectReference: {fileID: 0}
    - target: {fileID: 19900002, guid: 295449d41603d3f45864e4520ef4e7be, type: 3}
      propertyPath: m_Materials.Array.size
      value: 1
      objectReference: {fileID: 0}
    - target: {fileID: 19900004, guid: 295449d41603d3f45864e4520ef4e7be, type: 3}
      propertyPath: m_Materials.Array.size
      value: 1
      objectReference: {fileID: 0}
    m_RemovedComponents: []
  m_SourcePrefab: {fileID: 100100000, guid: 295449d41603d3f45864e4520ef4e7be, type: 3}
--- !u!1001 &4578857507374967081
PrefabInstance:
  m_ObjectHideFlags: 0
  serializedVersion: 2
  m_Modification:
    m_TransformParent: {fileID: 7719028157635656011}
    m_Modifications:
    - target: {fileID: 100000, guid: 295449d41603d3f45864e4520ef4e7be, type: 3}
      propertyPath: m_IsActive
      value: 0
      objectReference: {fileID: 0}
    - target: {fileID: 100004, guid: 295449d41603d3f45864e4520ef4e7be, type: 3}
      propertyPath: m_Name
      value: CFX_DoubleFlameA Looped (5)
      objectReference: {fileID: 0}
    - target: {fileID: 400004, guid: 295449d41603d3f45864e4520ef4e7be, type: 3}
      propertyPath: m_RootOrder
      value: 5
      objectReference: {fileID: 0}
    - target: {fileID: 400004, guid: 295449d41603d3f45864e4520ef4e7be, type: 3}
      propertyPath: m_LocalScale.x
      value: 2.9357567
      objectReference: {fileID: 0}
    - target: {fileID: 400004, guid: 295449d41603d3f45864e4520ef4e7be, type: 3}
      propertyPath: m_LocalScale.y
      value: 1.4383917
      objectReference: {fileID: 0}
    - target: {fileID: 400004, guid: 295449d41603d3f45864e4520ef4e7be, type: 3}
      propertyPath: m_LocalScale.z
      value: 0.9046909
      objectReference: {fileID: 0}
    - target: {fileID: 400004, guid: 295449d41603d3f45864e4520ef4e7be, type: 3}
      propertyPath: m_LocalPosition.x
      value: 0.91278505
      objectReference: {fileID: 0}
    - target: {fileID: 400004, guid: 295449d41603d3f45864e4520ef4e7be, type: 3}
      propertyPath: m_LocalPosition.y
      value: -0.21164334
      objectReference: {fileID: 0}
    - target: {fileID: 400004, guid: 295449d41603d3f45864e4520ef4e7be, type: 3}
      propertyPath: m_LocalPosition.z
      value: -1.297219
      objectReference: {fileID: 0}
    - target: {fileID: 400004, guid: 295449d41603d3f45864e4520ef4e7be, type: 3}
      propertyPath: m_LocalRotation.w
      value: 0.7071068
      objectReference: {fileID: 0}
    - target: {fileID: 400004, guid: 295449d41603d3f45864e4520ef4e7be, type: 3}
      propertyPath: m_LocalRotation.x
      value: -0.7071068
      objectReference: {fileID: 0}
    - target: {fileID: 400004, guid: 295449d41603d3f45864e4520ef4e7be, type: 3}
      propertyPath: m_LocalRotation.y
      value: -0
      objectReference: {fileID: 0}
    - target: {fileID: 400004, guid: 295449d41603d3f45864e4520ef4e7be, type: 3}
      propertyPath: m_LocalRotation.z
      value: -0
      objectReference: {fileID: 0}
    - target: {fileID: 400004, guid: 295449d41603d3f45864e4520ef4e7be, type: 3}
      propertyPath: m_LocalEulerAnglesHint.x
      value: 0
      objectReference: {fileID: 0}
    - target: {fileID: 400004, guid: 295449d41603d3f45864e4520ef4e7be, type: 3}
      propertyPath: m_LocalEulerAnglesHint.y
      value: 0
      objectReference: {fileID: 0}
    - target: {fileID: 400004, guid: 295449d41603d3f45864e4520ef4e7be, type: 3}
      propertyPath: m_LocalEulerAnglesHint.z
      value: 0
      objectReference: {fileID: 0}
    - target: {fileID: 19900000, guid: 295449d41603d3f45864e4520ef4e7be, type: 3}
      propertyPath: m_Materials.Array.size
      value: 1
      objectReference: {fileID: 0}
    - target: {fileID: 19900002, guid: 295449d41603d3f45864e4520ef4e7be, type: 3}
      propertyPath: m_Materials.Array.size
      value: 1
      objectReference: {fileID: 0}
    - target: {fileID: 19900004, guid: 295449d41603d3f45864e4520ef4e7be, type: 3}
      propertyPath: m_Materials.Array.size
      value: 1
      objectReference: {fileID: 0}
    m_RemovedComponents: []
  m_SourcePrefab: {fileID: 100100000, guid: 295449d41603d3f45864e4520ef4e7be, type: 3}
--- !u!1001 &5637640069894945742
PrefabInstance:
  m_ObjectHideFlags: 0
  serializedVersion: 2
  m_Modification:
    m_TransformParent: {fileID: 2403389989415387605}
    m_Modifications:
    - target: {fileID: 4397340853624485919, guid: 1184a1ccf9dca5f428a41c3da1e8d184, type: 3}
      propertyPath: InitialModule.startSpeed.scalar
      value: 2
      objectReference: {fileID: 0}
    - target: {fileID: 4397340853624485919, guid: 1184a1ccf9dca5f428a41c3da1e8d184, type: 3}
      propertyPath: InitialModule.startColor.maxColor.a
      value: 0.31764707
      objectReference: {fileID: 0}
    - target: {fileID: 4397340853624485919, guid: 1184a1ccf9dca5f428a41c3da1e8d184, type: 3}
      propertyPath: InitialModule.startColor.maxColor.b
      value: 0.66033286
      objectReference: {fileID: 0}
    - target: {fileID: 4397340853624485919, guid: 1184a1ccf9dca5f428a41c3da1e8d184, type: 3}
      propertyPath: InitialModule.startColor.maxColor.g
      value: 0.66033286
      objectReference: {fileID: 0}
    - target: {fileID: 4397340853624485919, guid: 1184a1ccf9dca5f428a41c3da1e8d184, type: 3}
      propertyPath: InitialModule.startColor.maxColor.r
      value: 0.6698113
      objectReference: {fileID: 0}
    - target: {fileID: 4829501515512560271, guid: 1184a1ccf9dca5f428a41c3da1e8d184, type: 3}
      propertyPath: m_Name
      value: IronBurner
      objectReference: {fileID: 0}
    - target: {fileID: 5210109133124427829, guid: 1184a1ccf9dca5f428a41c3da1e8d184, type: 3}
      propertyPath: m_RootOrder
      value: 0
      objectReference: {fileID: 0}
    - target: {fileID: 5210109133124427829, guid: 1184a1ccf9dca5f428a41c3da1e8d184, type: 3}
      propertyPath: m_LocalPosition.x
      value: -2.7800002
      objectReference: {fileID: 0}
    - target: {fileID: 5210109133124427829, guid: 1184a1ccf9dca5f428a41c3da1e8d184, type: 3}
      propertyPath: m_LocalPosition.y
      value: -0.38000003
      objectReference: {fileID: 0}
    - target: {fileID: 5210109133124427829, guid: 1184a1ccf9dca5f428a41c3da1e8d184, type: 3}
      propertyPath: m_LocalPosition.z
      value: 0
      objectReference: {fileID: 0}
    - target: {fileID: 5210109133124427829, guid: 1184a1ccf9dca5f428a41c3da1e8d184, type: 3}
      propertyPath: m_LocalRotation.w
      value: 1
      objectReference: {fileID: 0}
    - target: {fileID: 5210109133124427829, guid: 1184a1ccf9dca5f428a41c3da1e8d184, type: 3}
      propertyPath: m_LocalRotation.x
      value: -0
      objectReference: {fileID: 0}
    - target: {fileID: 5210109133124427829, guid: 1184a1ccf9dca5f428a41c3da1e8d184, type: 3}
      propertyPath: m_LocalRotation.y
      value: -0
      objectReference: {fileID: 0}
    - target: {fileID: 5210109133124427829, guid: 1184a1ccf9dca5f428a41c3da1e8d184, type: 3}
      propertyPath: m_LocalRotation.z
      value: -0
      objectReference: {fileID: 0}
    - target: {fileID: 5210109133124427829, guid: 1184a1ccf9dca5f428a41c3da1e8d184, type: 3}
      propertyPath: m_LocalEulerAnglesHint.x
      value: 0
      objectReference: {fileID: 0}
    - target: {fileID: 5210109133124427829, guid: 1184a1ccf9dca5f428a41c3da1e8d184, type: 3}
      propertyPath: m_LocalEulerAnglesHint.y
      value: 0
      objectReference: {fileID: 0}
    - target: {fileID: 5210109133124427829, guid: 1184a1ccf9dca5f428a41c3da1e8d184, type: 3}
      propertyPath: m_LocalEulerAnglesHint.z
      value: 0
      objectReference: {fileID: 0}
    - target: {fileID: 6933262474389690239, guid: 1184a1ccf9dca5f428a41c3da1e8d184, type: 3}
      propertyPath: m_LocalScale.x
      value: 0.79764
      objectReference: {fileID: 0}
    - target: {fileID: 6933262474389690239, guid: 1184a1ccf9dca5f428a41c3da1e8d184, type: 3}
      propertyPath: m_LocalPosition.x
      value: 2.7
      objectReference: {fileID: 0}
    - target: {fileID: 9154404473937927043, guid: 1184a1ccf9dca5f428a41c3da1e8d184, type: 3}
      propertyPath: m_LocalScale.y
      value: 26.601812
      objectReference: {fileID: 0}
    - target: {fileID: 9154404473937927043, guid: 1184a1ccf9dca5f428a41c3da1e8d184, type: 3}
      propertyPath: m_LocalPosition.y
      value: -13.22
      objectReference: {fileID: 0}
    m_RemovedComponents: []
  m_SourcePrefab: {fileID: 100100000, guid: 1184a1ccf9dca5f428a41c3da1e8d184, type: 3}
--- !u!4 &464694711659977723 stripped
Transform:
  m_CorrespondingSourceObject: {fileID: 5210109133124427829, guid: 1184a1ccf9dca5f428a41c3da1e8d184, type: 3}
  m_PrefabInstance: {fileID: 5637640069894945742}
  m_PrefabAsset: {fileID: 0}
--- !u!4 &7719028157635656011 stripped
Transform:
  m_CorrespondingSourceObject: {fileID: 2676146364156789381, guid: 1184a1ccf9dca5f428a41c3da1e8d184, type: 3}
  m_PrefabInstance: {fileID: 5637640069894945742}
  m_PrefabAsset: {fileID: 0}
--- !u!1001 &5889545313050102865
PrefabInstance:
  m_ObjectHideFlags: 0
  serializedVersion: 2
  m_Modification:
    m_TransformParent: {fileID: 7719028157635656011}
    m_Modifications:
    - target: {fileID: 100000, guid: 295449d41603d3f45864e4520ef4e7be, type: 3}
      propertyPath: m_IsActive
      value: 0
      objectReference: {fileID: 0}
    - target: {fileID: 100004, guid: 295449d41603d3f45864e4520ef4e7be, type: 3}
      propertyPath: m_Name
      value: CFX_DoubleFlameA Looped (7)
      objectReference: {fileID: 0}
    - target: {fileID: 400004, guid: 295449d41603d3f45864e4520ef4e7be, type: 3}
      propertyPath: m_RootOrder
      value: 7
      objectReference: {fileID: 0}
    - target: {fileID: 400004, guid: 295449d41603d3f45864e4520ef4e7be, type: 3}
      propertyPath: m_LocalScale.x
      value: 2.9357567
      objectReference: {fileID: 0}
    - target: {fileID: 400004, guid: 295449d41603d3f45864e4520ef4e7be, type: 3}
      propertyPath: m_LocalScale.y
      value: 1.4383917
      objectReference: {fileID: 0}
    - target: {fileID: 400004, guid: 295449d41603d3f45864e4520ef4e7be, type: 3}
      propertyPath: m_LocalScale.z
      value: 0.9046909
      objectReference: {fileID: 0}
    - target: {fileID: 400004, guid: 295449d41603d3f45864e4520ef4e7be, type: 3}
      propertyPath: m_LocalPosition.x
      value: 0.7389929
      objectReference: {fileID: 0}
    - target: {fileID: 400004, guid: 295449d41603d3f45864e4520ef4e7be, type: 3}
      propertyPath: m_LocalPosition.y
      value: -0.21164358
      objectReference: {fileID: 0}
    - target: {fileID: 400004, guid: 295449d41603d3f45864e4520ef4e7be, type: 3}
      propertyPath: m_LocalPosition.z
      value: -2.8613482
      objectReference: {fileID: 0}
    - target: {fileID: 400004, guid: 295449d41603d3f45864e4520ef4e7be, type: 3}
      propertyPath: m_LocalRotation.w
      value: 0.7071068
      objectReference: {fileID: 0}
    - target: {fileID: 400004, guid: 295449d41603d3f45864e4520ef4e7be, type: 3}
      propertyPath: m_LocalRotation.x
      value: -0.7071068
      objectReference: {fileID: 0}
    - target: {fileID: 400004, guid: 295449d41603d3f45864e4520ef4e7be, type: 3}
      propertyPath: m_LocalRotation.y
      value: -0
      objectReference: {fileID: 0}
    - target: {fileID: 400004, guid: 295449d41603d3f45864e4520ef4e7be, type: 3}
      propertyPath: m_LocalRotation.z
      value: -0
      objectReference: {fileID: 0}
    - target: {fileID: 400004, guid: 295449d41603d3f45864e4520ef4e7be, type: 3}
      propertyPath: m_LocalEulerAnglesHint.x
      value: 0
      objectReference: {fileID: 0}
    - target: {fileID: 400004, guid: 295449d41603d3f45864e4520ef4e7be, type: 3}
      propertyPath: m_LocalEulerAnglesHint.y
      value: 0
      objectReference: {fileID: 0}
    - target: {fileID: 400004, guid: 295449d41603d3f45864e4520ef4e7be, type: 3}
      propertyPath: m_LocalEulerAnglesHint.z
      value: 0
      objectReference: {fileID: 0}
    - target: {fileID: 19900000, guid: 295449d41603d3f45864e4520ef4e7be, type: 3}
      propertyPath: m_Materials.Array.size
      value: 1
      objectReference: {fileID: 0}
    - target: {fileID: 19900002, guid: 295449d41603d3f45864e4520ef4e7be, type: 3}
      propertyPath: m_Materials.Array.size
      value: 1
      objectReference: {fileID: 0}
    - target: {fileID: 19900004, guid: 295449d41603d3f45864e4520ef4e7be, type: 3}
      propertyPath: m_Materials.Array.size
      value: 1
      objectReference: {fileID: 0}
    m_RemovedComponents: []
  m_SourcePrefab: {fileID: 100100000, guid: 295449d41603d3f45864e4520ef4e7be, type: 3}
--- !u!1001 &7459411890158903557
PrefabInstance:
  m_ObjectHideFlags: 0
  serializedVersion: 2
  m_Modification:
    m_TransformParent: {fileID: 7719028157635656011}
    m_Modifications:
    - target: {fileID: 100000, guid: 295449d41603d3f45864e4520ef4e7be, type: 3}
      propertyPath: m_IsActive
      value: 0
      objectReference: {fileID: 0}
    - target: {fileID: 100004, guid: 295449d41603d3f45864e4520ef4e7be, type: 3}
      propertyPath: m_Name
      value: CFX_DoubleFlameA Looped (2)
      objectReference: {fileID: 0}
    - target: {fileID: 400004, guid: 295449d41603d3f45864e4520ef4e7be, type: 3}
      propertyPath: m_RootOrder
      value: 2
      objectReference: {fileID: 0}
    - target: {fileID: 400004, guid: 295449d41603d3f45864e4520ef4e7be, type: 3}
      propertyPath: m_LocalScale.x
      value: 2.9357567
      objectReference: {fileID: 0}
    - target: {fileID: 400004, guid: 295449d41603d3f45864e4520ef4e7be, type: 3}
      propertyPath: m_LocalScale.y
      value: 1.4383917
      objectReference: {fileID: 0}
    - target: {fileID: 400004, guid: 295449d41603d3f45864e4520ef4e7be, type: 3}
      propertyPath: m_LocalScale.z
      value: 0.9046909
      objectReference: {fileID: 0}
    - target: {fileID: 400004, guid: 295449d41603d3f45864e4520ef4e7be, type: 3}
      propertyPath: m_LocalPosition.x
      value: -0.65134406
      objectReference: {fileID: 0}
    - target: {fileID: 400004, guid: 295449d41603d3f45864e4520ef4e7be, type: 3}
      propertyPath: m_LocalPosition.y
      value: -0.2116431
      objectReference: {fileID: 0}
    - target: {fileID: 400004, guid: 295449d41603d3f45864e4520ef4e7be, type: 3}
      propertyPath: m_LocalPosition.z
      value: 1.1358707
      objectReference: {fileID: 0}
    - target: {fileID: 400004, guid: 295449d41603d3f45864e4520ef4e7be, type: 3}
      propertyPath: m_LocalRotation.w
      value: 0.7071068
      objectReference: {fileID: 0}
    - target: {fileID: 400004, guid: 295449d41603d3f45864e4520ef4e7be, type: 3}
      propertyPath: m_LocalRotation.x
      value: -0.7071068
      objectReference: {fileID: 0}
    - target: {fileID: 400004, guid: 295449d41603d3f45864e4520ef4e7be, type: 3}
      propertyPath: m_LocalRotation.y
      value: -0
      objectReference: {fileID: 0}
    - target: {fileID: 400004, guid: 295449d41603d3f45864e4520ef4e7be, type: 3}
      propertyPath: m_LocalRotation.z
      value: -0
      objectReference: {fileID: 0}
    - target: {fileID: 400004, guid: 295449d41603d3f45864e4520ef4e7be, type: 3}
      propertyPath: m_LocalEulerAnglesHint.x
      value: 0
      objectReference: {fileID: 0}
    - target: {fileID: 400004, guid: 295449d41603d3f45864e4520ef4e7be, type: 3}
      propertyPath: m_LocalEulerAnglesHint.y
      value: 0
      objectReference: {fileID: 0}
    - target: {fileID: 400004, guid: 295449d41603d3f45864e4520ef4e7be, type: 3}
      propertyPath: m_LocalEulerAnglesHint.z
      value: 0
      objectReference: {fileID: 0}
    - target: {fileID: 19900000, guid: 295449d41603d3f45864e4520ef4e7be, type: 3}
      propertyPath: m_Materials.Array.size
      value: 1
      objectReference: {fileID: 0}
    - target: {fileID: 19900002, guid: 295449d41603d3f45864e4520ef4e7be, type: 3}
      propertyPath: m_Materials.Array.size
      value: 1
      objectReference: {fileID: 0}
    - target: {fileID: 19900004, guid: 295449d41603d3f45864e4520ef4e7be, type: 3}
      propertyPath: m_Materials.Array.size
      value: 1
      objectReference: {fileID: 0}
    m_RemovedComponents: []
  m_SourcePrefab: {fileID: 100100000, guid: 295449d41603d3f45864e4520ef4e7be, type: 3}
--- !u!1001 &7827149766382372080
PrefabInstance:
  m_ObjectHideFlags: 0
  serializedVersion: 2
  m_Modification:
    m_TransformParent: {fileID: 7719028157635656011}
    m_Modifications:
    - target: {fileID: 100000, guid: 295449d41603d3f45864e4520ef4e7be, type: 3}
      propertyPath: m_IsActive
      value: 0
      objectReference: {fileID: 0}
    - target: {fileID: 100004, guid: 295449d41603d3f45864e4520ef4e7be, type: 3}
      propertyPath: m_Name
      value: CFX_DoubleFlameA Looped
      objectReference: {fileID: 0}
    - target: {fileID: 400004, guid: 295449d41603d3f45864e4520ef4e7be, type: 3}
      propertyPath: m_RootOrder
      value: 0
      objectReference: {fileID: 0}
    - target: {fileID: 400004, guid: 295449d41603d3f45864e4520ef4e7be, type: 3}
      propertyPath: m_LocalScale.x
      value: 2.9357567
      objectReference: {fileID: 0}
    - target: {fileID: 400004, guid: 295449d41603d3f45864e4520ef4e7be, type: 3}
      propertyPath: m_LocalScale.y
      value: 1.4383917
      objectReference: {fileID: 0}
    - target: {fileID: 400004, guid: 295449d41603d3f45864e4520ef4e7be, type: 3}
      propertyPath: m_LocalScale.z
      value: 0.9046909
      objectReference: {fileID: 0}
    - target: {fileID: 400004, guid: 295449d41603d3f45864e4520ef4e7be, type: 3}
      propertyPath: m_LocalPosition.x
      value: -0.65134406
      objectReference: {fileID: 0}
    - target: {fileID: 400004, guid: 295449d41603d3f45864e4520ef4e7be, type: 3}
      propertyPath: m_LocalPosition.y
      value: -0.21164286
      objectReference: {fileID: 0}
    - target: {fileID: 400004, guid: 295449d41603d3f45864e4520ef4e7be, type: 3}
      propertyPath: m_LocalPosition.z
      value: 2.6999998
      objectReference: {fileID: 0}
    - target: {fileID: 400004, guid: 295449d41603d3f45864e4520ef4e7be, type: 3}
      propertyPath: m_LocalRotation.w
      value: 0.7071068
      objectReference: {fileID: 0}
    - target: {fileID: 400004, guid: 295449d41603d3f45864e4520ef4e7be, type: 3}
      propertyPath: m_LocalRotation.x
      value: -0.7071068
      objectReference: {fileID: 0}
    - target: {fileID: 400004, guid: 295449d41603d3f45864e4520ef4e7be, type: 3}
      propertyPath: m_LocalRotation.y
      value: -0
      objectReference: {fileID: 0}
    - target: {fileID: 400004, guid: 295449d41603d3f45864e4520ef4e7be, type: 3}
      propertyPath: m_LocalRotation.z
      value: -0
      objectReference: {fileID: 0}
    - target: {fileID: 400004, guid: 295449d41603d3f45864e4520ef4e7be, type: 3}
      propertyPath: m_LocalEulerAnglesHint.x
      value: 0
      objectReference: {fileID: 0}
    - target: {fileID: 400004, guid: 295449d41603d3f45864e4520ef4e7be, type: 3}
      propertyPath: m_LocalEulerAnglesHint.y
      value: 0
      objectReference: {fileID: 0}
    - target: {fileID: 400004, guid: 295449d41603d3f45864e4520ef4e7be, type: 3}
      propertyPath: m_LocalEulerAnglesHint.z
      value: 0
      objectReference: {fileID: 0}
    - target: {fileID: 19900000, guid: 295449d41603d3f45864e4520ef4e7be, type: 3}
      propertyPath: m_Materials.Array.size
      value: 1
      objectReference: {fileID: 0}
    - target: {fileID: 19900002, guid: 295449d41603d3f45864e4520ef4e7be, type: 3}
      propertyPath: m_Materials.Array.size
      value: 1
      objectReference: {fileID: 0}
    - target: {fileID: 19900004, guid: 295449d41603d3f45864e4520ef4e7be, type: 3}
      propertyPath: m_Materials.Array.size
      value: 1
      objectReference: {fileID: 0}
    m_RemovedComponents: []
  m_SourcePrefab: {fileID: 100100000, guid: 295449d41603d3f45864e4520ef4e7be, type: 3}
