%YAML 1.1
%TAG !u! tag:unity3d.com,2011:
--- !u!1 &2728513967820395415
GameObject:
  m_ObjectHideFlags: 0
  m_CorrespondingSourceObject: {fileID: 0}
  m_PrefabInstance: {fileID: 0}
  m_PrefabAsset: {fileID: 0}
  serializedVersion: 6
  m_Component:
  - component: {fileID: 3969514309187538025}
  - component: {fileID: 5901578016026280112}
  - component: {fileID: 645249151207649436}
  - component: {fileID: 6081817992232507773}
  m_Layer: 0
  m_Name: Text (TMP)
  m_TagString: Untagged
  m_Icon: {fileID: 0}
  m_NavMeshLayer: 0
  m_StaticEditorFlags: 0
  m_IsActive: 1
--- !u!224 &3969514309187538025
RectTransform:
  m_ObjectHideFlags: 0
  m_CorrespondingSourceObject: {fileID: 0}
  m_PrefabInstance: {fileID: 0}
  m_PrefabAsset: {fileID: 0}
  m_GameObject: {fileID: 2728513967820395415}
  m_LocalRotation: {x: 0.17364816, y: 0, z: 0, w: 0.9848078}
  m_LocalPosition: {x: 0, y: 0, z: -4}
  m_LocalScale: {x: 1, y: 1, z: 1}
  m_Children: []
  m_Father: {fileID: 3409447341725600201}
  m_RootOrder: 1
  m_LocalEulerAnglesHint: {x: 20, y: 0, z: 0}
  m_AnchorMin: {x: 0.5, y: 0.5}
  m_AnchorMax: {x: 0.5, y: 0.5}
  m_AnchoredPosition: {x: 0.25, y: 2}
  m_SizeDelta: {x: 20, y: 5}
  m_Pivot: {x: 0.5, y: 0.5}
--- !u!23 &5901578016026280112
MeshRenderer:
  m_ObjectHideFlags: 0
  m_CorrespondingSourceObject: {fileID: 0}
  m_PrefabInstance: {fileID: 0}
  m_PrefabAsset: {fileID: 0}
  m_GameObject: {fileID: 2728513967820395415}
  m_Enabled: 1
  m_CastShadows: 0
  m_ReceiveShadows: 0
  m_DynamicOccludee: 1
  m_StaticShadowCaster: 0
  m_MotionVectors: 1
  m_LightProbeUsage: 1
  m_ReflectionProbeUsage: 1
  m_RayTracingMode: 2
  m_RayTraceProcedural: 0
  m_RenderingLayerMask: 1
  m_RendererPriority: 0
  m_Materials:
  - {fileID: 2180264, guid: 8f586378b4e144a9851e7b34d9b748ee, type: 2}
  m_StaticBatchInfo:
    firstSubMesh: 0
    subMeshCount: 0
  m_StaticBatchRoot: {fileID: 0}
  m_ProbeAnchor: {fileID: 0}
  m_LightProbeVolumeOverride: {fileID: 0}
  m_ScaleInLightmap: 1
  m_ReceiveGI: 1
  m_PreserveUVs: 0
  m_IgnoreNormalsForChartDetection: 0
  m_ImportantGI: 0
  m_StitchLightmapSeams: 1
  m_SelectedEditorRenderState: 3
  m_MinimumChartSize: 4
  m_AutoUVMaxDistance: 0.5
  m_AutoUVMaxAngle: 89
  m_LightmapParameters: {fileID: 0}
  m_SortingLayerID: 0
  m_SortingLayer: 0
  m_SortingOrder: 0
  m_AdditionalVertexStreams: {fileID: 0}
--- !u!114 &645249151207649436
MonoBehaviour:
  m_ObjectHideFlags: 0
  m_CorrespondingSourceObject: {fileID: 0}
  m_PrefabInstance: {fileID: 0}
  m_PrefabAsset: {fileID: 0}
  m_GameObject: {fileID: 2728513967820395415}
  m_Enabled: 1
  m_EditorHideFlags: 0
  m_Script: {fileID: 11500000, guid: 9541d86e2fd84c1d9990edf0852d74ab, type: 3}
  m_Name: 
  m_EditorClassIdentifier: 
  m_Material: {fileID: 0}
  m_Color: {r: 1, g: 1, b: 1, a: 1}
  m_RaycastTarget: 1
  m_RaycastPadding: {x: 0, y: 0, z: 0, w: 0}
  m_Maskable: 1
  m_OnCullStateChanged:
    m_PersistentCalls:
      m_Calls: []
  m_text: 1
  m_isRightToLeft: 0
  m_fontAsset: {fileID: 11400000, guid: 8f586378b4e144a9851e7b34d9b748ee, type: 2}
  m_sharedMaterial: {fileID: 2180264, guid: 8f586378b4e144a9851e7b34d9b748ee, type: 2}
  m_fontSharedMaterials: []
  m_fontMaterial: {fileID: 0}
  m_fontMaterials: []
  m_fontColor32:
    serializedVersion: 2
    rgba: 4294967295
  m_fontColor: {r: 1, g: 1, b: 1, a: 1}
  m_enableVertexGradient: 0
  m_colorMode: 3
  m_fontColorGradient:
    topLeft: {r: 1, g: 1, b: 1, a: 1}
    topRight: {r: 1, g: 1, b: 1, a: 1}
    bottomLeft: {r: 1, g: 1, b: 1, a: 1}
    bottomRight: {r: 1, g: 1, b: 1, a: 1}
  m_fontColorGradientPreset: {fileID: 0}
  m_spriteAsset: {fileID: 0}
  m_tintAllSprites: 0
  m_StyleSheet: {fileID: 0}
  m_TextStyleHashCode: -1183493901
  m_overrideHtmlColors: 0
  m_faceColor:
    serializedVersion: 2
    rgba: 4294967295
  m_fontSize: 12
  m_fontSizeBase: 12
  m_fontWeight: 400
  m_enableAutoSizing: 0
  m_fontSizeMin: 18
  m_fontSizeMax: 72
  m_fontStyle: 0
  m_HorizontalAlignment: 2
  m_VerticalAlignment: 512
  m_textAlignment: 65535
  m_characterSpacing: 0
  m_wordSpacing: 0
  m_lineSpacing: 0
  m_lineSpacingMax: 0
  m_paragraphSpacing: 0
  m_charWidthMaxAdj: 0
  m_enableWordWrapping: 1
  m_wordWrappingRatios: 0.4
  m_overflowMode: 0
  m_linkedTextComponent: {fileID: 0}
  parentLinkedComponent: {fileID: 0}
  m_enableKerning: 1
  m_enableExtraPadding: 0
  checkPaddingRequired: 0
  m_isRichText: 1
  m_parseCtrlCharacters: 1
  m_isOrthographic: 0
  m_isCullingEnabled: 0
  m_horizontalMapping: 0
  m_verticalMapping: 0
  m_uvLineOffset: 0
  m_geometrySortingOrder: 0
  m_IsTextObjectScaleStatic: 0
  m_VertexBufferAutoSizeReduction: 0
  m_useMaxVisibleDescender: 1
  m_pageToDisplay: 1
  m_margin: {x: 0, y: 0, z: 0, w: 0}
  m_isUsingLegacyAnimationComponent: 0
  m_isVolumetricText: 0
  _SortingLayer: 0
  _SortingLayerID: 0
  _SortingOrder: 0
  m_hasFontAssetChanged: 0
  m_renderer: {fileID: 5901578016026280112}
  m_maskType: 0
--- !u!114 &6081817992232507773
MonoBehaviour:
  m_ObjectHideFlags: 0
  m_CorrespondingSourceObject: {fileID: 0}
  m_PrefabInstance: {fileID: 0}
  m_PrefabAsset: {fileID: 0}
  m_GameObject: {fileID: 2728513967820395415}
  m_Enabled: 1
  m_EditorHideFlags: 0
  m_Script: {fileID: 11500000, guid: 3db59885ab06f7f4f90d6c2edc802c2f, type: 3}
  m_Name: 
  m_EditorClassIdentifier: 
  IsInitialized: 0
  data: {fileID: 11400000, guid: 4061c115917a7394d8716692e2341378, type: 2}
  setOnStart: 0
  prefix: 
  suffix: 
  unityEvent:
    m_PersistentCalls:
      m_Calls:
      - m_Target: {fileID: 645249151207649436}
        m_TargetAssemblyTypeName: TMPro.TMP_Text, Unity.TextMeshPro
        m_MethodName: set_text
        m_Mode: 0
        m_Arguments:
          m_ObjectArgument: {fileID: 0}
          m_ObjectArgumentAssemblyTypeName: UnityEngine.Object, UnityEngine
          m_IntArgument: 0
          m_FloatArgument: 0
          m_StringArgument: 
          m_BoolArgument: 0
        m_CallState: 2
--- !u!1 &3409447341725600199
GameObject:
  m_ObjectHideFlags: 0
  m_CorrespondingSourceObject: {fileID: 0}
  m_PrefabInstance: {fileID: 0}
  m_PrefabAsset: {fileID: 0}
  serializedVersion: 6
  m_Component:
  - component: {fileID: 3409447341725600201}
  - component: {fileID: 3409447341725600198}
  - component: {fileID: 3409447341725600200}
  - component: {fileID: 3587161150420461087}
  m_Layer: 0
  m_Name: SphericalController
  m_TagString: Player
  m_Icon: {fileID: 0}
  m_NavMeshLayer: 0
  m_StaticEditorFlags: 0
  m_IsActive: 1
--- !u!4 &3409447341725600201
Transform:
  m_ObjectHideFlags: 0
  m_CorrespondingSourceObject: {fileID: 0}
  m_PrefabInstance: {fileID: 0}
  m_PrefabAsset: {fileID: 0}
  m_GameObject: {fileID: 3409447341725600199}
  m_LocalRotation: {x: 0, y: 0, z: 0, w: 1}
  m_LocalPosition: {x: 0, y: 0, z: 0}
  m_LocalScale: {x: 1, y: 1, z: 1}
  m_Children:
  - {fileID: 9064617661961442886}
  - {fileID: 3969514309187538025}
  - {fileID: 8233205851587234086}
  m_Father: {fileID: 0}
  m_RootOrder: 0
  m_LocalEulerAnglesHint: {x: 0, y: 0, z: 0}
--- !u!114 &3409447341725600198
MonoBehaviour:
  m_ObjectHideFlags: 0
  m_CorrespondingSourceObject: {fileID: 0}
  m_PrefabInstance: {fileID: 0}
  m_PrefabAsset: {fileID: 0}
  m_GameObject: {fileID: 3409447341725600199}
  m_Enabled: 1
  m_EditorHideFlags: 0
  m_Script: {fileID: 11500000, guid: 9795ff2a4b816476a8b96e93f6659902, type: 3}
  m_Name: 
  m_EditorClassIdentifier: 
  maxNodeCount:
    useValue: 0
    variable: {fileID: 11400000, guid: f22172555c7883243bb69b2ace8ecfa4, type: 2}
    constantValue: 0
  maxActiveNodeCount:
    useValue: 0
    variable: {fileID: 11400000, guid: 41dbb5949db503440ab135960d1ab6e9, type: 2}
    constantValue: 0
  nodeParent: {fileID: 3409447341725600201}
  initializeOnStart: 1
  OnNodeCountBelowZero:
    m_PersistentCalls:
      m_Calls:
      - m_Target: {fileID: 3587161150420461087}
        m_TargetAssemblyTypeName: GameStateSetter, Assembly-CSharp
        m_MethodName: LevelFail
        m_Mode: 1
        m_Arguments:
          m_ObjectArgument: {fileID: 0}
          m_ObjectArgumentAssemblyTypeName: UnityEngine.Object, UnityEngine
          m_IntArgument: 0
          m_FloatArgument: 0
          m_StringArgument: 
          m_BoolArgument: 0
        m_CallState: 2
      - m_Target: {fileID: 11400000, guid: 79c04d1889956c54cb7b9152e18a03fd, type: 2}
        m_TargetAssemblyTypeName: ScriptableSystem.ScriptableFloat, Assembly-CSharp
        m_MethodName: SetValue
        m_Mode: 4
        m_Arguments:
          m_ObjectArgument: {fileID: 0}
          m_ObjectArgumentAssemblyTypeName: UnityEngine.Object, UnityEngine
          m_IntArgument: 0
          m_FloatArgument: 0
          m_StringArgument: 
          m_BoolArgument: 0
        m_CallState: 2
  initialNodeCount: 1
  nodeCount:
    useValue: 0
    variable: {fileID: 11400000, guid: 4061c115917a7394d8716692e2341378, type: 2}
    constantValue: 0
  NodeList: []
  ActiveNodeList: []
  prefabNode: {fileID: 3726101504793251339, guid: 46e616b2e1c05465498789da9b8148e2, type: 3}
  CurrentSphereSize:
    useValue: 0
    variable: {fileID: 11400000, guid: 6a3a45a5373e7f84c9158ad80ab638e1, type: 2}
    constantValue: 0
  sphereSizeMultiplier:
    useValue: 1
    variable: {fileID: 0}
    constantValue: 0.42
  sphereCollider: {fileID: 3409447341725600200}
  showExcessive: 0
--- !u!135 &3409447341725600200
SphereCollider:
  m_ObjectHideFlags: 0
  m_CorrespondingSourceObject: {fileID: 0}
  m_PrefabInstance: {fileID: 0}
  m_PrefabAsset: {fileID: 0}
  m_GameObject: {fileID: 3409447341725600199}
  m_Material: {fileID: 0}
  m_IsTrigger: 1
  m_Enabled: 0
  serializedVersion: 2
  m_Radius: 0
  m_Center: {x: 0, y: 0, z: 0}
--- !u!114 &3587161150420461087
MonoBehaviour:
  m_ObjectHideFlags: 0
  m_CorrespondingSourceObject: {fileID: 0}
  m_PrefabInstance: {fileID: 0}
  m_PrefabAsset: {fileID: 0}
  m_GameObject: {fileID: 3409447341725600199}
  m_Enabled: 1
  m_EditorHideFlags: 0
  m_Script: {fileID: 11500000, guid: bad62429b0518ae44922c282082da1e4, type: 3}
  m_Name: 
  m_EditorClassIdentifier: 
--- !u!1 &7205333743595448463
GameObject:
  m_ObjectHideFlags: 0
  m_CorrespondingSourceObject: {fileID: 0}
  m_PrefabInstance: {fileID: 0}
  m_PrefabAsset: {fileID: 0}
  serializedVersion: 6
  m_Component:
  - component: {fileID: 8233205851587234086}
  - component: {fileID: 5008668981214849411}
  - component: {fileID: 8486954327943967055}
  - component: {fileID: 2176562831049439466}
  m_Layer: 0
  m_Name: GameObject
  m_TagString: Untagged
  m_Icon: {fileID: 0}
  m_NavMeshLayer: 0
  m_StaticEditorFlags: 0
  m_IsActive: 1
--- !u!4 &8233205851587234086
Transform:
  m_ObjectHideFlags: 0
  m_CorrespondingSourceObject: {fileID: 0}
  m_PrefabInstance: {fileID: 0}
  m_PrefabAsset: {fileID: 0}
  m_GameObject: {fileID: 7205333743595448463}
  m_LocalRotation: {x: 0, y: 0, z: 0, w: 1}
  m_LocalPosition: {x: 0, y: 0, z: 0}
  m_LocalScale: {x: 1, y: 1, z: 1}
  m_Children: []
  m_Father: {fileID: 3409447341725600201}
  m_RootOrder: 2
  m_LocalEulerAnglesHint: {x: 0, y: 0, z: 0}
--- !u!114 &5008668981214849411
MonoBehaviour:
  m_ObjectHideFlags: 0
  m_CorrespondingSourceObject: {fileID: 0}
  m_PrefabInstance: {fileID: 0}
  m_PrefabAsset: {fileID: 0}
  m_GameObject: {fileID: 7205333743595448463}
  m_Enabled: 1
  m_EditorHideFlags: 0
  m_Script: {fileID: 11500000, guid: f73d0a1cb3fb7ae42bb6c984aba5fb62, type: 3}
  m_Name: 
  m_EditorClassIdentifier: 
  onEnable:
    m_PersistentCalls:
      m_Calls:
      - m_Target: {fileID: 11400000, guid: 950eeebacd8f3433985701c8aa501ef8, type: 2}
        m_TargetAssemblyTypeName: ScriptableSystem.ScriptableTransfom, Assembly-CSharp
        m_MethodName: SetTransform
        m_Mode: 2
        m_Arguments:
          m_ObjectArgument: {fileID: 9064617661961442886}
          m_ObjectArgumentAssemblyTypeName: UnityEngine.Transform, UnityEngine
          m_IntArgument: 0
          m_FloatArgument: 0
          m_StringArgument: 
          m_BoolArgument: 0
        m_CallState: 2
--- !u!114 &8486954327943967055
MonoBehaviour:
  m_ObjectHideFlags: 0
  m_CorrespondingSourceObject: {fileID: 0}
  m_PrefabInstance: {fileID: 0}
  m_PrefabAsset: {fileID: 0}
  m_GameObject: {fileID: 7205333743595448463}
  m_Enabled: 1
  m_EditorHideFlags: 0
  m_Script: {fileID: 11500000, guid: bd4b9ecb05558964895613e79fa4cbda, type: 3}
  m_Name: 
  m_EditorClassIdentifier: 
  MovementType: 1
  swerveSpeed: 2
  maxSwerveAmount: 3
  stopRbOnTouchRelease: 1
  swerveAmountDebug: 0
--- !u!54 &2176562831049439466
Rigidbody:
  m_ObjectHideFlags: 0
  m_CorrespondingSourceObject: {fileID: 0}
  m_PrefabInstance: {fileID: 0}
  m_PrefabAsset: {fileID: 0}
  m_GameObject: {fileID: 7205333743595448463}
  serializedVersion: 2
  m_Mass: 10
  m_Drag: 1
  m_AngularDrag: 0.05
  m_UseGravity: 1
  m_IsKinematic: 0
  m_Interpolate: 0
  m_Constraints: 116
  m_CollisionDetection: 0
--- !u!54 &758372479573801880
Rigidbody:
  m_ObjectHideFlags: 0
  m_CorrespondingSourceObject: {fileID: 0}
  m_PrefabInstance: {fileID: 0}
  m_PrefabAsset: {fileID: 0}
  m_GameObject: {fileID: 9064617661961442885}
  serializedVersion: 2
  m_Mass: 10
  m_Drag: 1
  m_AngularDrag: 0.05
  m_UseGravity: 1
  m_IsKinematic: 0
  m_Interpolate: 0
  m_Constraints: 116
  m_CollisionDetection: 0
--- !u!1001 &4777650647528041946
PrefabInstance:
  m_ObjectHideFlags: 0
  serializedVersion: 2
  m_Modification:
    m_TransformParent: {fileID: 3409447341725600201}
    m_Modifications:
    - target: {fileID: 726397552132705506, guid: 46e616b2e1c05465498789da9b8148e2, type: 3}
      propertyPath: m_Enabled
      value: 0
      objectReference: {fileID: 0}
    - target: {fileID: 3097813769793922205, guid: 46e616b2e1c05465498789da9b8148e2, type: 3}
      propertyPath: randomSpeed
      value: 2038.8591
      objectReference: {fileID: 0}
    - target: {fileID: 3726101504793251339, guid: 46e616b2e1c05465498789da9b8148e2, type: 3}
      propertyPath: sphericalController
      value: 
      objectReference: {fileID: 3409447341725600198}
    - target: {fileID: 3726101504793251339, guid: 46e616b2e1c05465498789da9b8148e2, type: 3}
      propertyPath: onSphericalPositionChanged.m_PersistentCalls.m_Calls.Array.size
      value: 0
      objectReference: {fileID: 0}
    - target: {fileID: 4577454166454270876, guid: 46e616b2e1c05465498789da9b8148e2, type: 3}
      propertyPath: m_RootOrder
      value: 0
      objectReference: {fileID: 0}
    - target: {fileID: 4577454166454270876, guid: 46e616b2e1c05465498789da9b8148e2, type: 3}
      propertyPath: m_LocalPosition.x
      value: 0
      objectReference: {fileID: 0}
    - target: {fileID: 4577454166454270876, guid: 46e616b2e1c05465498789da9b8148e2, type: 3}
      propertyPath: m_LocalPosition.y
      value: 0
      objectReference: {fileID: 0}
    - target: {fileID: 4577454166454270876, guid: 46e616b2e1c05465498789da9b8148e2, type: 3}
      propertyPath: m_LocalPosition.z
      value: 0
      objectReference: {fileID: 0}
    - target: {fileID: 4577454166454270876, guid: 46e616b2e1c05465498789da9b8148e2, type: 3}
      propertyPath: m_LocalRotation.w
      value: 1
      objectReference: {fileID: 0}
    - target: {fileID: 4577454166454270876, guid: 46e616b2e1c05465498789da9b8148e2, type: 3}
      propertyPath: m_LocalRotation.x
      value: 0
      objectReference: {fileID: 0}
    - target: {fileID: 4577454166454270876, guid: 46e616b2e1c05465498789da9b8148e2, type: 3}
      propertyPath: m_LocalRotation.y
      value: 0
      objectReference: {fileID: 0}
    - target: {fileID: 4577454166454270876, guid: 46e616b2e1c05465498789da9b8148e2, type: 3}
      propertyPath: m_LocalRotation.z
      value: 0
      objectReference: {fileID: 0}
    - target: {fileID: 4577454166454270876, guid: 46e616b2e1c05465498789da9b8148e2, type: 3}
      propertyPath: m_LocalEulerAnglesHint.x
      value: 0
      objectReference: {fileID: 0}
    - target: {fileID: 4577454166454270876, guid: 46e616b2e1c05465498789da9b8148e2, type: 3}
      propertyPath: m_LocalEulerAnglesHint.y
      value: 0
      objectReference: {fileID: 0}
    - target: {fileID: 4577454166454270876, guid: 46e616b2e1c05465498789da9b8148e2, type: 3}
      propertyPath: m_LocalEulerAnglesHint.z
      value: 0
      objectReference: {fileID: 0}
    - target: {fileID: 4577454166454270879, guid: 46e616b2e1c05465498789da9b8148e2, type: 3}
      propertyPath: m_Name
      value: SphereLeaderNode
      objectReference: {fileID: 0}
    - target: {fileID: 4577454166454270879, guid: 46e616b2e1c05465498789da9b8148e2, type: 3}
      propertyPath: m_IsActive
      value: 0
      objectReference: {fileID: 0}
    m_RemovedComponents:
    - {fileID: 7825202409411143856, guid: 46e616b2e1c05465498789da9b8148e2, type: 3}
  m_SourcePrefab: {fileID: 100100000, guid: 46e616b2e1c05465498789da9b8148e2, type: 3}
--- !u!1 &9064617661961442885 stripped
GameObject:
  m_CorrespondingSourceObject: {fileID: 4577454166454270879, guid: 46e616b2e1c05465498789da9b8148e2, type: 3}
  m_PrefabInstance: {fileID: 4777650647528041946}
  m_PrefabAsset: {fileID: 0}
--- !u!4 &9064617661961442886 stripped
Transform:
  m_CorrespondingSourceObject: {fileID: 4577454166454270876, guid: 46e616b2e1c05465498789da9b8148e2, type: 3}
  m_PrefabInstance: {fileID: 4777650647528041946}
  m_PrefabAsset: {fileID: 0}
