%YAML 1.1
%TAG !u! tag:unity3d.com,2011:
--- !u!1 &113734386664805525
GameObject:
  m_ObjectHideFlags: 0
  m_CorrespondingSourceObject: {fileID: 0}
  m_PrefabInstance: {fileID: 0}
  m_PrefabAsset: {fileID: 0}
  serializedVersion: 6
  m_Component:
  - component: {fileID: 6016874605653608197}
  m_Layer: 0
  m_Name: RigRCollarbone
  m_TagString: Untagged
  m_Icon: {fileID: 0}
  m_NavMeshLayer: 0
  m_StaticEditorFlags: 0
  m_IsActive: 1
--- !u!4 &6016874605653608197
Transform:
  m_ObjectHideFlags: 0
  m_CorrespondingSourceObject: {fileID: 0}
  m_PrefabInstance: {fileID: 0}
  m_PrefabAsset: {fileID: 0}
  m_GameObject: {fileID: 113734386664805525}
  m_LocalRotation: {x: 0.04465292, y: -0.6557038, z: 0.020913422, w: 0.75340647}
  m_LocalPosition: {x: 0.030096358, y: -0.031506512, z: -0.06875161}
  m_LocalScale: {x: 1, y: 1, z: 1}
  m_Children:
  - {fileID: 7486036206442573527}
  m_Father: {fileID: 7026816917297441522}
  m_RootOrder: 2
  m_LocalEulerAnglesHint: {x: 0, y: 0, z: 0}
--- !u!1 &369355389188297494
GameObject:
  m_ObjectHideFlags: 0
  m_CorrespondingSourceObject: {fileID: 0}
  m_PrefabInstance: {fileID: 0}
  m_PrefabAsset: {fileID: 0}
  serializedVersion: 6
  m_Component:
  - component: {fileID: 1180031148525800779}
  m_Layer: 0
  m_Name: RigLThigh
  m_TagString: Untagged
  m_Icon: {fileID: 0}
  m_NavMeshLayer: 0
  m_StaticEditorFlags: 0
  m_IsActive: 1
--- !u!4 &1180031148525800779
Transform:
  m_ObjectHideFlags: 0
  m_CorrespondingSourceObject: {fileID: 0}
  m_PrefabInstance: {fileID: 0}
  m_PrefabAsset: {fileID: 0}
  m_GameObject: {fileID: 369355389188297494}
  m_LocalRotation: {x: -0.1295588, y: 0.90377, z: 0.31166562, w: 0.2632087}
  m_LocalPosition: {x: 0.061012648, y: -0.0036894195, z: 0.11560108}
  m_LocalScale: {x: 1, y: 1, z: 1}
  m_Children:
  - {fileID: 1491788291026133154}
  m_Father: {fileID: 85551623636712441}
  m_RootOrder: 0
  m_LocalEulerAnglesHint: {x: 0, y: 0, z: 0}
--- !u!1 &413458449744291704
GameObject:
  m_ObjectHideFlags: 0
  m_CorrespondingSourceObject: {fileID: 0}
  m_PrefabInstance: {fileID: 0}
  m_PrefabAsset: {fileID: 0}
  serializedVersion: 6
  m_Component:
  - component: {fileID: 8734227410728319970}
  m_Layer: 0
  m_Name: RigLFinger22
  m_TagString: Untagged
  m_Icon: {fileID: 0}
  m_NavMeshLayer: 0
  m_StaticEditorFlags: 0
  m_IsActive: 1
--- !u!4 &8734227410728319970
Transform:
  m_ObjectHideFlags: 0
  m_CorrespondingSourceObject: {fileID: 0}
  m_PrefabInstance: {fileID: 0}
  m_PrefabAsset: {fileID: 0}
  m_GameObject: {fileID: 413458449744291704}
  m_LocalRotation: {x: 0.0025589932, y: -0.117692925, z: 0.69661, w: 0.70772624}
  m_LocalPosition: {x: -0.040451143, y: 0, z: 0}
  m_LocalScale: {x: 1.0000001, y: 1.0000002, z: 0.9999999}
  m_Children:
  - {fileID: 1746741263942031611}
  m_Father: {fileID: 2137886063027700262}
  m_RootOrder: 0
  m_LocalEulerAnglesHint: {x: 0, y: 0, z: 0}
--- !u!1 &870101486750119238
GameObject:
  m_ObjectHideFlags: 0
  m_CorrespondingSourceObject: {fileID: 0}
  m_PrefabInstance: {fileID: 0}
  m_PrefabAsset: {fileID: 0}
  serializedVersion: 6
  m_Component:
  - component: {fileID: 5228929372737527190}
  m_Layer: 0
  m_Name: RigSpine2
  m_TagString: Untagged
  m_Icon: {fileID: 0}
  m_NavMeshLayer: 0
  m_StaticEditorFlags: 0
  m_IsActive: 1
--- !u!4 &5228929372737527190
Transform:
  m_ObjectHideFlags: 0
  m_CorrespondingSourceObject: {fileID: 0}
  m_PrefabInstance: {fileID: 0}
  m_PrefabAsset: {fileID: 0}
  m_GameObject: {fileID: 870101486750119238}
  m_LocalRotation: {x: -0.006963009, y: 0.02556786, z: -0.027201345, w: 0.9992787}
  m_LocalPosition: {x: -0.12812133, y: 0, z: 0}
  m_LocalScale: {x: 1.0000004, y: 1.0000002, z: 1}
  m_Children:
  - {fileID: 6758498088629282544}
  m_Father: {fileID: 6138990543688648022}
  m_RootOrder: 0
  m_LocalEulerAnglesHint: {x: 0, y: 0, z: 0}
--- !u!1 &1158384726867731755
GameObject:
  m_ObjectHideFlags: 0
  m_CorrespondingSourceObject: {fileID: 0}
  m_PrefabInstance: {fileID: 0}
  m_PrefabAsset: {fileID: 0}
  serializedVersion: 6
  m_Component:
  - component: {fileID: 7652033090947661534}
  m_Layer: 0
  m_Name: RigLPalm
  m_TagString: Untagged
  m_Icon: {fileID: 0}
  m_NavMeshLayer: 0
  m_StaticEditorFlags: 0
  m_IsActive: 1
--- !u!4 &7652033090947661534
Transform:
  m_ObjectHideFlags: 0
  m_CorrespondingSourceObject: {fileID: 0}
  m_PrefabInstance: {fileID: 0}
  m_PrefabAsset: {fileID: 0}
  m_GameObject: {fileID: 1158384726867731755}
  m_LocalRotation: {x: 0.9413896, y: -0.023326568, z: 0.0524611, w: -0.3323994}
  m_LocalPosition: {x: -0.2086134, y: 0.000000038146972, z: 0}
  m_LocalScale: {x: 1.0000001, y: 1.0000001, z: 0.9999999}
  m_Children:
  - {fileID: 7969677665408811180}
  - {fileID: 2137886063027700262}
  m_Father: {fileID: 706771190702424255}
  m_RootOrder: 0
  m_LocalEulerAnglesHint: {x: 0, y: 0, z: 0}
--- !u!1 &1525899952726047776
GameObject:
  m_ObjectHideFlags: 0
  m_CorrespondingSourceObject: {fileID: 0}
  m_PrefabInstance: {fileID: 0}
  m_PrefabAsset: {fileID: 0}
  serializedVersion: 6
  m_Component:
  - component: {fileID: 2190655150647223962}
  m_Layer: 0
  m_Name: enemy_archer
  m_TagString: Untagged
  m_Icon: {fileID: 0}
  m_NavMeshLayer: 0
  m_StaticEditorFlags: 0
  m_IsActive: 1
--- !u!4 &2190655150647223962
Transform:
  m_ObjectHideFlags: 0
  m_CorrespondingSourceObject: {fileID: 0}
  m_PrefabInstance: {fileID: 0}
  m_PrefabAsset: {fileID: 0}
  m_GameObject: {fileID: 1525899952726047776}
  m_LocalRotation: {x: 0, y: 0, z: 0, w: 1}
  m_LocalPosition: {x: 0, y: 0, z: 0}
  m_LocalScale: {x: 1, y: 1, z: 1}
  m_Children:
  - {fileID: 7903603070179942907}
  - {fileID: 5383196270606554637}
  - {fileID: 7238316566985295327}
  - {fileID: 85551623636712441}
  m_Father: {fileID: 0}
  m_RootOrder: 0
  m_LocalEulerAnglesHint: {x: 0, y: 0, z: 0}
--- !u!1 &1700381404178566828
GameObject:
  m_ObjectHideFlags: 0
  m_CorrespondingSourceObject: {fileID: 0}
  m_PrefabInstance: {fileID: 0}
  m_PrefabAsset: {fileID: 0}
  serializedVersion: 6
  m_Component:
  - component: {fileID: 7384994369553452007}
  m_Layer: 0
  m_Name: RigRFinger22
  m_TagString: Untagged
  m_Icon: {fileID: 0}
  m_NavMeshLayer: 0
  m_StaticEditorFlags: 0
  m_IsActive: 1
--- !u!4 &7384994369553452007
Transform:
  m_ObjectHideFlags: 0
  m_CorrespondingSourceObject: {fileID: 0}
  m_PrefabInstance: {fileID: 0}
  m_PrefabAsset: {fileID: 0}
  m_GameObject: {fileID: 1700381404178566828}
  m_LocalRotation: {x: -0.0031132186, y: 0.12990992, z: 0.76421463, w: 0.6317355}
  m_LocalPosition: {x: -0.04045122, y: 0.000000076293944, z: 0.000000019073486}
  m_LocalScale: {x: 1.0000004, y: 0.99999976, z: 0.99999994}
  m_Children:
  - {fileID: 4934859090975619854}
  m_Father: {fileID: 4108099515245655627}
  m_RootOrder: 0
  m_LocalEulerAnglesHint: {x: 0, y: 0, z: 0}
--- !u!1 &2065977654536329381
GameObject:
  m_ObjectHideFlags: 0
  m_CorrespondingSourceObject: {fileID: 0}
  m_PrefabInstance: {fileID: 0}
  m_PrefabAsset: {fileID: 0}
  serializedVersion: 6
  m_Component:
  - component: {fileID: 2502850067688353105}
  m_Layer: 0
  m_Name: RigLFoot
  m_TagString: Untagged
  m_Icon: {fileID: 0}
  m_NavMeshLayer: 0
  m_StaticEditorFlags: 0
  m_IsActive: 1
--- !u!4 &2502850067688353105
Transform:
  m_ObjectHideFlags: 0
  m_CorrespondingSourceObject: {fileID: 0}
  m_PrefabInstance: {fileID: 0}
  m_PrefabAsset: {fileID: 0}
  m_GameObject: {fileID: 2065977654536329381}
  m_LocalRotation: {x: -0.084380165, y: 0.17127016, z: -0.5405364, w: 0.8193699}
  m_LocalPosition: {x: -0.20310444, y: -0.0000000011920929, z: -0.000000009536743}
  m_LocalScale: {x: 0.9999984, y: 1.0000017, z: 1}
  m_Children:
  - {fileID: 2071339915121802990}
  m_Father: {fileID: 1491788291026133154}
  m_RootOrder: 0
  m_LocalEulerAnglesHint: {x: 0, y: 0, z: 0}
--- !u!1 &2085265018394237721
GameObject:
  m_ObjectHideFlags: 0
  m_CorrespondingSourceObject: {fileID: 0}
  m_PrefabInstance: {fileID: 0}
  m_PrefabAsset: {fileID: 0}
  serializedVersion: 6
  m_Component:
  - component: {fileID: 6138990543688648022}
  m_Layer: 0
  m_Name: RigSpine1
  m_TagString: Untagged
  m_Icon: {fileID: 0}
  m_NavMeshLayer: 0
  m_StaticEditorFlags: 0
  m_IsActive: 1
--- !u!4 &6138990543688648022
Transform:
  m_ObjectHideFlags: 0
  m_CorrespondingSourceObject: {fileID: 0}
  m_PrefabInstance: {fileID: 0}
  m_PrefabAsset: {fileID: 0}
  m_GameObject: {fileID: 2085265018394237721}
  m_LocalRotation: {x: -0.0025552802, y: 0.013212959, z: 0.0083484985, w: 0.9998746}
  m_LocalPosition: {x: -0.10970802, y: -0.0049213637, z: 7.3929185e-10}
  m_LocalScale: {x: 0.99999976, y: 0.99999976, z: 1}
  m_Children:
  - {fileID: 5228929372737527190}
  m_Father: {fileID: 85551623636712441}
  m_RootOrder: 2
  m_LocalEulerAnglesHint: {x: 0, y: 0, z: 0}
--- !u!1 &2250857558204093916
GameObject:
  m_ObjectHideFlags: 0
  m_CorrespondingSourceObject: {fileID: 0}
  m_PrefabInstance: {fileID: 0}
  m_PrefabAsset: {fileID: 0}
  serializedVersion: 6
  m_Component:
  - component: {fileID: 2155247029451320483}
  m_Layer: 0
  m_Name: RigRToe11
  m_TagString: Untagged
  m_Icon: {fileID: 0}
  m_NavMeshLayer: 0
  m_StaticEditorFlags: 0
  m_IsActive: 1
--- !u!4 &2155247029451320483
Transform:
  m_ObjectHideFlags: 0
  m_CorrespondingSourceObject: {fileID: 0}
  m_PrefabInstance: {fileID: 0}
  m_PrefabAsset: {fileID: 0}
  m_GameObject: {fileID: 2250857558204093916}
  m_LocalRotation: {x: 0.014476902, y: 0.005885813, z: -0.3764599, w: 0.9263011}
  m_LocalPosition: {x: -0.12765375, y: -0.0000038099288, z: 0.0000016212463}
  m_LocalScale: {x: 0.99999994, y: 1, z: 1}
  m_Children:
  - {fileID: 7383718150258985737}
  m_Father: {fileID: 5259939134917871653}
  m_RootOrder: 0
  m_LocalEulerAnglesHint: {x: 0, y: 0, z: 0}
--- !u!1 &2289274273106708793
GameObject:
  m_ObjectHideFlags: 0
  m_CorrespondingSourceObject: {fileID: 0}
  m_PrefabInstance: {fileID: 0}
  m_PrefabAsset: {fileID: 0}
  serializedVersion: 6
  m_Component:
  - component: {fileID: 1491788291026133154}
  m_Layer: 0
  m_Name: RigLCalf
  m_TagString: Untagged
  m_Icon: {fileID: 0}
  m_NavMeshLayer: 0
  m_StaticEditorFlags: 0
  m_IsActive: 1
--- !u!4 &1491788291026133154
Transform:
  m_ObjectHideFlags: 0
  m_CorrespondingSourceObject: {fileID: 0}
  m_PrefabInstance: {fileID: 0}
  m_PrefabAsset: {fileID: 0}
  m_GameObject: {fileID: 2289274273106708793}
  m_LocalRotation: {x: 0.04665081, y: 0.035556354, z: 0.35436514, w: 0.9332657}
  m_LocalPosition: {x: -0.25720724, y: 0.0000071310997, z: -0.0000003814697}
  m_LocalScale: {x: 1.0000004, y: 0.99999976, z: 1}
  m_Children:
  - {fileID: 2502850067688353105}
  m_Father: {fileID: 1180031148525800779}
  m_RootOrder: 0
  m_LocalEulerAnglesHint: {x: 0, y: 0, z: 0}
--- !u!1 &2349556768875834074
GameObject:
  m_ObjectHideFlags: 0
  m_CorrespondingSourceObject: {fileID: 0}
  m_PrefabInstance: {fileID: 0}
  m_PrefabAsset: {fileID: 0}
  serializedVersion: 6
  m_Component:
  - component: {fileID: 8828712523493691282}
  m_Layer: 0
  m_Name: RigHead
  m_TagString: Untagged
  m_Icon: {fileID: 0}
  m_NavMeshLayer: 0
  m_StaticEditorFlags: 0
  m_IsActive: 1
--- !u!4 &8828712523493691282
Transform:
  m_ObjectHideFlags: 0
  m_CorrespondingSourceObject: {fileID: 0}
  m_PrefabInstance: {fileID: 0}
  m_PrefabAsset: {fileID: 0}
  m_GameObject: {fileID: 2349556768875834074}
  m_LocalRotation: {x: 0.019919284, y: -0.010048874, z: 0.13048802, w: 0.99119884}
  m_LocalPosition: {x: -0.050812453, y: 0, z: 0}
  m_LocalScale: {x: 1.0000001, y: 1, z: 1.0000001}
  m_Children:
  - {fileID: 5195821430985149503}
  m_Father: {fileID: 3518060311697939746}
  m_RootOrder: 0
  m_LocalEulerAnglesHint: {x: 0, y: 0, z: 0}
--- !u!1 &2354463370261843100
GameObject:
  m_ObjectHideFlags: 0
  m_CorrespondingSourceObject: {fileID: 0}
  m_PrefabInstance: {fileID: 0}
  m_PrefabAsset: {fileID: 0}
  serializedVersion: 6
  m_Component:
  - component: {fileID: 5383196270606554637}
  - component: {fileID: 5436397621475699705}
  m_Layer: 0
  m_Name: dusman
  m_TagString: Untagged
  m_Icon: {fileID: 0}
  m_NavMeshLayer: 0
  m_StaticEditorFlags: 0
  m_IsActive: 1
--- !u!4 &5383196270606554637
Transform:
  m_ObjectHideFlags: 0
  m_CorrespondingSourceObject: {fileID: 0}
  m_PrefabInstance: {fileID: 0}
  m_PrefabAsset: {fileID: 0}
  m_GameObject: {fileID: 2354463370261843100}
  m_LocalRotation: {x: 0, y: -0, z: -0, w: 1}
  m_LocalPosition: {x: -0, y: 0, z: 0}
  m_LocalScale: {x: 1, y: 1, z: 1}
  m_Children: []
  m_Father: {fileID: 2190655150647223962}
  m_RootOrder: 1
  m_LocalEulerAnglesHint: {x: 0, y: 0, z: 0}
--- !u!137 &5436397621475699705
SkinnedMeshRenderer:
  m_ObjectHideFlags: 0
  m_CorrespondingSourceObject: {fileID: 0}
  m_PrefabInstance: {fileID: 0}
  m_PrefabAsset: {fileID: 0}
  m_GameObject: {fileID: 2354463370261843100}
  m_Enabled: 1
  m_CastShadows: 1
  m_ReceiveShadows: 1
  m_DynamicOccludee: 1
  m_StaticShadowCaster: 0
  m_MotionVectors: 1
  m_LightProbeUsage: 1
  m_ReflectionProbeUsage: 1
  m_RayTracingMode: 3
  m_RayTraceProcedural: 0
  m_RenderingLayerMask: 1
  m_RendererPriority: 0
  m_Materials:
  - {fileID: 2100000, guid: 645fa106d6ab11d4481add349d222256, type: 2}
  m_StaticBatchInfo:
    firstSubMesh: 0
    subMeshCount: 0
  m_StaticBatchRoot: {fileID: 0}
  m_ProbeAnchor: {fileID: 0}
  m_LightProbeVolumeOverride: {fileID: 0}
  m_ScaleInLightmap: 1
  m_ReceiveGI: 1
  m_PreserveUVs: 0
  m_IgnoreNormalsForChartDetection: 0
  m_ImportantGI: 0
  m_StitchLightmapSeams: 1
  m_SelectedEditorRenderState: 3
  m_MinimumChartSize: 4
  m_AutoUVMaxDistance: 0.5
  m_AutoUVMaxAngle: 89
  m_LightmapParameters: {fileID: 0}
  m_SortingLayerID: 0
  m_SortingLayer: 0
  m_SortingOrder: 0
  serializedVersion: 2
  m_Quality: 0
  m_UpdateWhenOffscreen: 0
  m_SkinnedMotionVectors: 1
  m_Mesh: {fileID: 3458841945418068668, guid: 55a3ce648030e9f4aaece969d428251a, type: 3}
  m_Bones:
  - {fileID: 85551623636712441}
  - {fileID: 1180031148525800779}
  - {fileID: 1491788291026133154}
  - {fileID: 2502850067688353105}
  - {fileID: 2071339915121802990}
  - {fileID: 8628206867109961120}
  - {fileID: 6421453301156572065}
  - {fileID: 5468866967892195929}
  - {fileID: 5259939134917871653}
  - {fileID: 2155247029451320483}
  - {fileID: 7383718150258985737}
  - {fileID: 6138990543688648022}
  - {fileID: 5228929372737527190}
  - {fileID: 6758498088629282544}
  - {fileID: 7026816917297441522}
  - {fileID: 5041980529272938530}
  - {fileID: 4692653069541356766}
  - {fileID: 706771190702424255}
  - {fileID: 7652033090947661534}
  - {fileID: 7969677665408811180}
  - {fileID: 3161098871587194819}
  - {fileID: 1399700356716869742}
  - {fileID: 2137886063027700262}
  - {fileID: 8734227410728319970}
  - {fileID: 1746741263942031611}
  - {fileID: 6016874605653608197}
  - {fileID: 7486036206442573527}
  - {fileID: 1131028441319334404}
  - {fileID: 8793257996186367923}
  - {fileID: 8111563506908402948}
  - {fileID: 7506318245246197739}
  - {fileID: 2855460929357641755}
  - {fileID: 4108099515245655627}
  - {fileID: 7384994369553452007}
  - {fileID: 4934859090975619854}
  - {fileID: 3518060311697939746}
  - {fileID: 8828712523493691282}
  - {fileID: 5195821430985149503}
  m_BlendShapeWeights: []
  m_RootBone: {fileID: 85551623636712441}
  m_AABB:
    m_Center: {x: -0.27839, y: 0.051043227, z: 0.2065838}
    m_Extent: {x: 1.0062706, y: 0.44431353, z: 0.8084101}
  m_DirtyAABB: 0
--- !u!1 &2573732325833357510
GameObject:
  m_ObjectHideFlags: 0
  m_CorrespondingSourceObject: {fileID: 0}
  m_PrefabInstance: {fileID: 0}
  m_PrefabAsset: {fileID: 0}
  serializedVersion: 6
  m_Component:
  - component: {fileID: 5041980529272938530}
  m_Layer: 0
  m_Name: RigLCollarbone
  m_TagString: Untagged
  m_Icon: {fileID: 0}
  m_NavMeshLayer: 0
  m_StaticEditorFlags: 0
  m_IsActive: 1
--- !u!4 &5041980529272938530
Transform:
  m_ObjectHideFlags: 0
  m_CorrespondingSourceObject: {fileID: 0}
  m_PrefabInstance: {fileID: 0}
  m_PrefabAsset: {fileID: 0}
  m_GameObject: {fileID: 2573732325833357510}
  m_LocalRotation: {x: 0.0016176051, y: 0.6859052, z: -0.03204303, w: 0.72698325}
  m_LocalPosition: {x: 0.030096358, y: -0.031506512, z: 0.06875161}
  m_LocalScale: {x: 1, y: 1, z: 1}
  m_Children:
  - {fileID: 4692653069541356766}
  m_Father: {fileID: 7026816917297441522}
  m_RootOrder: 0
  m_LocalEulerAnglesHint: {x: 0, y: 0, z: 0}
--- !u!1 &2935178191353156959
GameObject:
  m_ObjectHideFlags: 0
  m_CorrespondingSourceObject: {fileID: 0}
  m_PrefabInstance: {fileID: 0}
  m_PrefabAsset: {fileID: 0}
  serializedVersion: 6
  m_Component:
  - component: {fileID: 6421453301156572065}
  m_Layer: 0
  m_Name: RigRThigh
  m_TagString: Untagged
  m_Icon: {fileID: 0}
  m_NavMeshLayer: 0
  m_StaticEditorFlags: 0
  m_IsActive: 1
--- !u!4 &6421453301156572065
Transform:
  m_ObjectHideFlags: 0
  m_CorrespondingSourceObject: {fileID: 0}
  m_PrefabInstance: {fileID: 0}
  m_PrefabAsset: {fileID: 0}
  m_GameObject: {fileID: 2935178191353156959}
  m_LocalRotation: {x: -0.26772028, y: 0.93681777, z: -0.11601598, w: -0.1929734}
  m_LocalPosition: {x: 0.06101242, y: 0.000443881, z: -0.115600996}
  m_LocalScale: {x: 1, y: 1, z: 1}
  m_Children:
  - {fileID: 5468866967892195929}
  m_Father: {fileID: 85551623636712441}
  m_RootOrder: 1
  m_LocalEulerAnglesHint: {x: 0, y: 0, z: 0}
--- !u!1 &3079037536376087661
GameObject:
  m_ObjectHideFlags: 0
  m_CorrespondingSourceObject: {fileID: 0}
  m_PrefabInstance: {fileID: 0}
  m_PrefabAsset: {fileID: 0}
  serializedVersion: 6
  m_Component:
  - component: {fileID: 4934859090975619854}
  m_Layer: 0
  m_Name: RigRFinger23
  m_TagString: Untagged
  m_Icon: {fileID: 0}
  m_NavMeshLayer: 0
  m_StaticEditorFlags: 0
  m_IsActive: 1
--- !u!4 &4934859090975619854
Transform:
  m_ObjectHideFlags: 0
  m_CorrespondingSourceObject: {fileID: 0}
  m_PrefabInstance: {fileID: 0}
  m_PrefabAsset: {fileID: 0}
  m_GameObject: {fileID: 3079037536376087661}
  m_LocalRotation: {x: -0.017789688, y: 0.017345088, z: 0.05915673, w: 0.99793947}
  m_LocalPosition: {x: -0.03831825, y: 0, z: -0.0000001335144}
  m_LocalScale: {x: 1.0000002, y: 0.99999976, z: 0.9999998}
  m_Children: []
  m_Father: {fileID: 7384994369553452007}
  m_RootOrder: 0
  m_LocalEulerAnglesHint: {x: 0, y: 0, z: 0}
--- !u!1 &3175959930343131060
GameObject:
  m_ObjectHideFlags: 0
  m_CorrespondingSourceObject: {fileID: 0}
  m_PrefabInstance: {fileID: 0}
  m_PrefabAsset: {fileID: 0}
  serializedVersion: 6
  m_Component:
  - component: {fileID: 2137886063027700262}
  m_Layer: 0
  m_Name: RigLFinger21
  m_TagString: Untagged
  m_Icon: {fileID: 0}
  m_NavMeshLayer: 0
  m_StaticEditorFlags: 0
  m_IsActive: 1
--- !u!4 &2137886063027700262
Transform:
  m_ObjectHideFlags: 0
  m_CorrespondingSourceObject: {fileID: 0}
  m_PrefabInstance: {fileID: 0}
  m_PrefabAsset: {fileID: 0}
  m_GameObject: {fileID: 3175959930343131060}
  m_LocalRotation: {x: 0.032591082, y: -0.092179865, z: 0.5030694, w: 0.85869783}
  m_LocalPosition: {x: -0.13877106, y: 0.00067558285, z: -0.007317638}
  m_LocalScale: {x: 1.0000001, y: 1, z: 1}
  m_Children:
  - {fileID: 8734227410728319970}
  m_Father: {fileID: 7652033090947661534}
  m_RootOrder: 1
  m_LocalEulerAnglesHint: {x: 0, y: 0, z: 0}
--- !u!1 &3294235291091979731
GameObject:
  m_ObjectHideFlags: 0
  m_CorrespondingSourceObject: {fileID: 0}
  m_PrefabInstance: {fileID: 0}
  m_PrefabAsset: {fileID: 0}
  serializedVersion: 6
  m_Component:
  - component: {fileID: 7486036206442573527}
  m_Layer: 0
  m_Name: RigRUpperarm
  m_TagString: Untagged
  m_Icon: {fileID: 0}
  m_NavMeshLayer: 0
  m_StaticEditorFlags: 0
  m_IsActive: 1
--- !u!4 &7486036206442573527
Transform:
  m_ObjectHideFlags: 0
  m_CorrespondingSourceObject: {fileID: 0}
  m_PrefabInstance: {fileID: 0}
  m_PrefabAsset: {fileID: 0}
  m_GameObject: {fileID: 3294235291091979731}
  m_LocalRotation: {x: 0.13122962, y: -0.09173413, z: -0.5425426, w: 0.824628}
  m_LocalPosition: {x: -0.1466811, y: 0.000000038146972, z: 0.000000076293944}
  m_LocalScale: {x: 0.99999976, y: 1, z: 1.0000002}
  m_Children:
  - {fileID: 1131028441319334404}
  m_Father: {fileID: 6016874605653608197}
  m_RootOrder: 0
  m_LocalEulerAnglesHint: {x: 0, y: 0, z: 0}
--- !u!1 &3795179834641981600
GameObject:
  m_ObjectHideFlags: 0
  m_CorrespondingSourceObject: {fileID: 0}
  m_PrefabInstance: {fileID: 0}
  m_PrefabAsset: {fileID: 0}
  serializedVersion: 6
  m_Component:
  - component: {fileID: 1399700356716869742}
  m_Layer: 0
  m_Name: RigLFinger13
  m_TagString: Untagged
  m_Icon: {fileID: 0}
  m_NavMeshLayer: 0
  m_StaticEditorFlags: 0
  m_IsActive: 1
--- !u!4 &1399700356716869742
Transform:
  m_ObjectHideFlags: 0
  m_CorrespondingSourceObject: {fileID: 0}
  m_PrefabInstance: {fileID: 0}
  m_PrefabAsset: {fileID: 0}
  m_GameObject: {fileID: 3795179834641981600}
  m_LocalRotation: {x: 0.012240385, y: -0.0048788204, z: 0.034112997, w: 0.9993311}
  m_LocalPosition: {x: -0.053491153, y: -0.000000076293944, z: 0}
  m_LocalScale: {x: 1.0000005, y: 1.0000001, z: 0.99999976}
  m_Children: []
  m_Father: {fileID: 3161098871587194819}
  m_RootOrder: 0
  m_LocalEulerAnglesHint: {x: 0, y: 0, z: 0}
--- !u!1 &3877979136933929764
GameObject:
  m_ObjectHideFlags: 0
  m_CorrespondingSourceObject: {fileID: 0}
  m_PrefabInstance: {fileID: 0}
  m_PrefabAsset: {fileID: 0}
  serializedVersion: 6
  m_Component:
  - component: {fileID: 5259939134917871653}
  m_Layer: 0
  m_Name: RigRFoot
  m_TagString: Untagged
  m_Icon: {fileID: 0}
  m_NavMeshLayer: 0
  m_StaticEditorFlags: 0
  m_IsActive: 1
--- !u!4 &5259939134917871653
Transform:
  m_ObjectHideFlags: 0
  m_CorrespondingSourceObject: {fileID: 0}
  m_PrefabInstance: {fileID: 0}
  m_PrefabAsset: {fileID: 0}
  m_GameObject: {fileID: 3877979136933929764}
  m_LocalRotation: {x: -0.06637946, y: -0.22706746, z: -0.38183966, w: 0.89343864}
  m_LocalPosition: {x: -0.20291305, y: -5.9604643e-10, z: 0.000000009536743}
  m_LocalScale: {x: 1.0000015, y: 0.9999985, z: 1.0000002}
  m_Children:
  - {fileID: 2155247029451320483}
  m_Father: {fileID: 5468866967892195929}
  m_RootOrder: 0
  m_LocalEulerAnglesHint: {x: 0, y: 0, z: 0}
--- !u!1 &3898533383751027187
GameObject:
  m_ObjectHideFlags: 0
  m_CorrespondingSourceObject: {fileID: 0}
  m_PrefabInstance: {fileID: 0}
  m_PrefabAsset: {fileID: 0}
  serializedVersion: 6
  m_Component:
  - component: {fileID: 4108099515245655627}
  m_Layer: 0
  m_Name: RigRFinger21
  m_TagString: Untagged
  m_Icon: {fileID: 0}
  m_NavMeshLayer: 0
  m_StaticEditorFlags: 0
  m_IsActive: 1
--- !u!4 &4108099515245655627
Transform:
  m_ObjectHideFlags: 0
  m_CorrespondingSourceObject: {fileID: 0}
  m_PrefabInstance: {fileID: 0}
  m_PrefabAsset: {fileID: 0}
  m_GameObject: {fileID: 3898533383751027187}
  m_LocalRotation: {x: -0.045952138, y: 0.14692006, z: 0.112830915, w: 0.9816171}
  m_LocalPosition: {x: -0.13877106, y: 0.00067558285, z: 0.0073177717}
  m_LocalScale: {x: 1.0000002, y: 0.9999999, z: 0.9999998}
  m_Children:
  - {fileID: 7384994369553452007}
  m_Father: {fileID: 8793257996186367923}
  m_RootOrder: 1
  m_LocalEulerAnglesHint: {x: 0, y: 0, z: 0}
--- !u!1 &4185662228751857171
GameObject:
  m_ObjectHideFlags: 0
  m_CorrespondingSourceObject: {fileID: 0}
  m_PrefabInstance: {fileID: 0}
  m_PrefabAsset: {fileID: 0}
  serializedVersion: 6
  m_Component:
  - component: {fileID: 85551623636712441}
  m_Layer: 0
  m_Name: RigPelvis
  m_TagString: Untagged
  m_Icon: {fileID: 0}
  m_NavMeshLayer: 0
  m_StaticEditorFlags: 0
  m_IsActive: 1
--- !u!4 &85551623636712441
Transform:
  m_ObjectHideFlags: 0
  m_CorrespondingSourceObject: {fileID: 0}
  m_PrefabInstance: {fileID: 0}
  m_PrefabAsset: {fileID: 0}
  m_GameObject: {fileID: 4185662228751857171}
  m_LocalRotation: {x: -0.00522687, y: 0.011770953, z: -0.7223542, w: 0.6914033}
  m_LocalPosition: {x: -0.025225716, y: 0.54992646, z: -0.0030919968}
  m_LocalScale: {x: 1, y: 1, z: 1}
  m_Children:
  - {fileID: 1180031148525800779}
  - {fileID: 6421453301156572065}
  - {fileID: 6138990543688648022}
  m_Father: {fileID: 2190655150647223962}
  m_RootOrder: 3
  m_LocalEulerAnglesHint: {x: 0, y: 0, z: 0}
--- !u!1 &4296356123433060790
GameObject:
  m_ObjectHideFlags: 0
  m_CorrespondingSourceObject: {fileID: 0}
  m_PrefabInstance: {fileID: 0}
  m_PrefabAsset: {fileID: 0}
  serializedVersion: 6
  m_Component:
  - component: {fileID: 706771190702424255}
  m_Layer: 0
  m_Name: RigLForearm
  m_TagString: Untagged
  m_Icon: {fileID: 0}
  m_NavMeshLayer: 0
  m_StaticEditorFlags: 0
  m_IsActive: 1
--- !u!4 &706771190702424255
Transform:
  m_ObjectHideFlags: 0
  m_CorrespondingSourceObject: {fileID: 0}
  m_PrefabInstance: {fileID: 0}
  m_PrefabAsset: {fileID: 0}
  m_GameObject: {fileID: 4296356123433060790}
  m_LocalRotation: {x: -0.005448551, y: 0.0033400697, z: -0.11301271, w: 0.993573}
  m_LocalPosition: {x: -0.27621725, y: 0.0000000023841857, z: 0}
  m_LocalScale: {x: 1, y: 1, z: 1.0000001}
  m_Children:
  - {fileID: 7652033090947661534}
  m_Father: {fileID: 4692653069541356766}
  m_RootOrder: 0
  m_LocalEulerAnglesHint: {x: 0, y: 0, z: 0}
--- !u!1 &5225288598880680049
GameObject:
  m_ObjectHideFlags: 0
  m_CorrespondingSourceObject: {fileID: 0}
  m_PrefabInstance: {fileID: 0}
  m_PrefabAsset: {fileID: 0}
  serializedVersion: 6
  m_Component:
  - component: {fileID: 4692653069541356766}
  m_Layer: 0
  m_Name: RigLUpperarm
  m_TagString: Untagged
  m_Icon: {fileID: 0}
  m_NavMeshLayer: 0
  m_StaticEditorFlags: 0
  m_IsActive: 1
--- !u!4 &4692653069541356766
Transform:
  m_ObjectHideFlags: 0
  m_CorrespondingSourceObject: {fileID: 0}
  m_PrefabInstance: {fileID: 0}
  m_PrefabAsset: {fileID: 0}
  m_GameObject: {fileID: 5225288598880680049}
  m_LocalRotation: {x: -0.33726785, y: -0.07221248, z: 0.023879096, w: 0.9383313}
  m_LocalPosition: {x: -0.1466811, y: -0.00000004053116, z: 0}
  m_LocalScale: {x: 1.0000004, y: 0.99999994, z: 0.99999976}
  m_Children:
  - {fileID: 706771190702424255}
  m_Father: {fileID: 5041980529272938530}
  m_RootOrder: 0
  m_LocalEulerAnglesHint: {x: 0, y: 0, z: 0}
--- !u!1 &5707004016372141923
GameObject:
  m_ObjectHideFlags: 0
  m_CorrespondingSourceObject: {fileID: 0}
  m_PrefabInstance: {fileID: 0}
  m_PrefabAsset: {fileID: 0}
  serializedVersion: 6
  m_Component:
  - component: {fileID: 7238316566985295327}
  - component: {fileID: 1345034267385053395}
  - component: {fileID: 4765597201488330424}
  m_Layer: 0
  m_Name: ok
  m_TagString: Untagged
  m_Icon: {fileID: 0}
  m_NavMeshLayer: 0
  m_StaticEditorFlags: 0
  m_IsActive: 1
--- !u!4 &7238316566985295327
Transform:
  m_ObjectHideFlags: 0
  m_CorrespondingSourceObject: {fileID: 0}
  m_PrefabInstance: {fileID: 0}
  m_PrefabAsset: {fileID: 0}
  m_GameObject: {fileID: 5707004016372141923}
  m_LocalRotation: {x: 0, y: -0, z: -0, w: 1}
  m_LocalPosition: {x: 0.19698426, y: 1.0674577, z: 0.36116293}
  m_LocalScale: {x: 1, y: 1, z: 1}
  m_Children: []
  m_Father: {fileID: 2190655150647223962}
  m_RootOrder: 2
  m_LocalEulerAnglesHint: {x: 0, y: 0, z: 0}
--- !u!33 &1345034267385053395
MeshFilter:
  m_ObjectHideFlags: 0
  m_CorrespondingSourceObject: {fileID: 0}
  m_PrefabInstance: {fileID: 0}
  m_PrefabAsset: {fileID: 0}
  m_GameObject: {fileID: 5707004016372141923}
  m_Mesh: {fileID: 102808561915374706, guid: 55a3ce648030e9f4aaece969d428251a, type: 3}
--- !u!23 &4765597201488330424
MeshRenderer:
  m_ObjectHideFlags: 0
  m_CorrespondingSourceObject: {fileID: 0}
  m_PrefabInstance: {fileID: 0}
  m_PrefabAsset: {fileID: 0}
  m_GameObject: {fileID: 5707004016372141923}
  m_Enabled: 1
  m_CastShadows: 1
  m_ReceiveShadows: 1
  m_DynamicOccludee: 1
  m_StaticShadowCaster: 0
  m_MotionVectors: 1
  m_LightProbeUsage: 1
  m_ReflectionProbeUsage: 1
  m_RayTracingMode: 2
  m_RayTraceProcedural: 0
  m_RenderingLayerMask: 1
  m_RendererPriority: 0
  m_Materials:
  - {fileID: 2100000, guid: 645fa106d6ab11d4481add349d222256, type: 2}
  m_StaticBatchInfo:
    firstSubMesh: 0
    subMeshCount: 0
  m_StaticBatchRoot: {fileID: 0}
  m_ProbeAnchor: {fileID: 0}
  m_LightProbeVolumeOverride: {fileID: 0}
  m_ScaleInLightmap: 1
  m_ReceiveGI: 1
  m_PreserveUVs: 0
  m_IgnoreNormalsForChartDetection: 0
  m_ImportantGI: 0
  m_StitchLightmapSeams: 1
  m_SelectedEditorRenderState: 3
  m_MinimumChartSize: 4
  m_AutoUVMaxDistance: 0.5
  m_AutoUVMaxAngle: 89
  m_LightmapParameters: {fileID: 0}
  m_SortingLayerID: 0
  m_SortingLayer: 0
  m_SortingOrder: 0
  m_AdditionalVertexStreams: {fileID: 0}
--- !u!1 &5777537682174654101
GameObject:
  m_ObjectHideFlags: 0
  m_CorrespondingSourceObject: {fileID: 0}
  m_PrefabInstance: {fileID: 0}
  m_PrefabAsset: {fileID: 0}
  serializedVersion: 6
  m_Component:
  - component: {fileID: 3518060311697939746}
  m_Layer: 0
  m_Name: RigNeck
  m_TagString: Untagged
  m_Icon: {fileID: 0}
  m_NavMeshLayer: 0
  m_StaticEditorFlags: 0
  m_IsActive: 1
--- !u!4 &3518060311697939746
Transform:
  m_ObjectHideFlags: 0
  m_CorrespondingSourceObject: {fileID: 0}
  m_PrefabInstance: {fileID: 0}
  m_PrefabAsset: {fileID: 0}
  m_GameObject: {fileID: 5777537682174654101}
  m_LocalRotation: {x: 0.019919509, y: -0.010048828, z: -0.06098333, w: 0.9978894}
  m_LocalPosition: {x: 0.005050278, y: -0.031543914, z: -0.0000000021330198}
  m_LocalScale: {x: 0.99999994, y: 1, z: 0.9999999}
  m_Children:
  - {fileID: 8828712523493691282}
  m_Father: {fileID: 7026816917297441522}
  m_RootOrder: 1
  m_LocalEulerAnglesHint: {x: 0, y: 0, z: 0}
--- !u!1 &6019875865168869397
GameObject:
  m_ObjectHideFlags: 0
  m_CorrespondingSourceObject: {fileID: 0}
  m_PrefabInstance: {fileID: 0}
  m_PrefabAsset: {fileID: 0}
  serializedVersion: 6
  m_Component:
  - component: {fileID: 6758498088629282544}
  m_Layer: 0
  m_Name: RigSpine3
  m_TagString: Untagged
  m_Icon: {fileID: 0}
  m_NavMeshLayer: 0
  m_StaticEditorFlags: 0
  m_IsActive: 1
--- !u!4 &6758498088629282544
Transform:
  m_ObjectHideFlags: 0
  m_CorrespondingSourceObject: {fileID: 0}
  m_PrefabInstance: {fileID: 0}
  m_PrefabAsset: {fileID: 0}
  m_GameObject: {fileID: 6019875865168869397}
  m_LocalRotation: {x: -0.00930009, y: 0.0248134, z: -0.12035109, w: 0.9923777}
  m_LocalPosition: {x: -0.14642449, y: 0.0000000023841857, z: 0}
  m_LocalScale: {x: 1, y: 1.0000001, z: 1}
  m_Children:
  - {fileID: 7026816917297441522}
  m_Father: {fileID: 5228929372737527190}
  m_RootOrder: 0
  m_LocalEulerAnglesHint: {x: 0, y: 0, z: 0}
--- !u!1 &6532597947184468675
GameObject:
  m_ObjectHideFlags: 0
  m_CorrespondingSourceObject: {fileID: 0}
  m_PrefabInstance: {fileID: 0}
  m_PrefabAsset: {fileID: 0}
  serializedVersion: 6
  m_Component:
  - component: {fileID: 1131028441319334404}
  m_Layer: 0
  m_Name: RigRForearm
  m_TagString: Untagged
  m_Icon: {fileID: 0}
  m_NavMeshLayer: 0
  m_StaticEditorFlags: 0
  m_IsActive: 1
--- !u!4 &1131028441319334404
Transform:
  m_ObjectHideFlags: 0
  m_CorrespondingSourceObject: {fileID: 0}
  m_PrefabInstance: {fileID: 0}
  m_PrefabAsset: {fileID: 0}
  m_GameObject: {fileID: 6532597947184468675}
  m_LocalRotation: {x: 0.004352395, y: 0.017975943, z: 0.90803784, w: -0.4184796}
  m_LocalPosition: {x: -0.2762172, y: -0.0000000023841857, z: 0}
  m_LocalScale: {x: 1, y: 0.99999994, z: 1}
  m_Children:
  - {fileID: 8793257996186367923}
  m_Father: {fileID: 7486036206442573527}
  m_RootOrder: 0
  m_LocalEulerAnglesHint: {x: 0, y: 0, z: 0}
--- !u!1 &6950924457839948179
GameObject:
  m_ObjectHideFlags: 0
  m_CorrespondingSourceObject: {fileID: 0}
  m_PrefabInstance: {fileID: 0}
  m_PrefabAsset: {fileID: 0}
  serializedVersion: 6
  m_Component:
  - component: {fileID: 8628206867109961120}
  m_Layer: 0
  m_Name: RigLToe12
  m_TagString: Untagged
  m_Icon: {fileID: 0}
  m_NavMeshLayer: 0
  m_StaticEditorFlags: 0
  m_IsActive: 1
--- !u!4 &8628206867109961120
Transform:
  m_ObjectHideFlags: 0
  m_CorrespondingSourceObject: {fileID: 0}
  m_PrefabInstance: {fileID: 0}
  m_PrefabAsset: {fileID: 0}
  m_GameObject: {fileID: 6950924457839948179}
  m_LocalRotation: {x: -0.0005379392, y: -0.0016754807, z: 0.9954929, w: 0.09481993}
  m_LocalPosition: {x: -0.05733177, y: -0.0000000011920929, z: -0.000000009536743}
  m_LocalScale: {x: 1.0000001, y: 1, z: 0.99999994}
  m_Children: []
  m_Father: {fileID: 2071339915121802990}
  m_RootOrder: 0
  m_LocalEulerAnglesHint: {x: 0, y: 0, z: 0}
--- !u!1 &7011650849013378939
GameObject:
  m_ObjectHideFlags: 0
  m_CorrespondingSourceObject: {fileID: 0}
  m_PrefabInstance: {fileID: 0}
  m_PrefabAsset: {fileID: 0}
  serializedVersion: 6
  m_Component:
  - component: {fileID: 7969677665408811180}
  m_Layer: 0
  m_Name: RigLFinger11
  m_TagString: Untagged
  m_Icon: {fileID: 0}
  m_NavMeshLayer: 0
  m_StaticEditorFlags: 0
  m_IsActive: 1
--- !u!4 &7969677665408811180
Transform:
  m_ObjectHideFlags: 0
  m_CorrespondingSourceObject: {fileID: 0}
  m_PrefabInstance: {fileID: 0}
  m_PrefabAsset: {fileID: 0}
  m_GameObject: {fileID: 7011650849013378939}
  m_LocalRotation: {x: 0.43358645, y: 0.26333985, z: 0.33430225, w: 0.7942902}
  m_LocalPosition: {x: -0.035616875, y: 0.00009346008, z: 0.052462365}
  m_LocalScale: {x: 1.0000004, y: 1.0000001, z: 0.99999976}
  m_Children:
  - {fileID: 3161098871587194819}
  m_Father: {fileID: 7652033090947661534}
  m_RootOrder: 0
  m_LocalEulerAnglesHint: {x: 0, y: 0, z: 0}
--- !u!1 &7448880290029633760
GameObject:
  m_ObjectHideFlags: 0
  m_CorrespondingSourceObject: {fileID: 0}
  m_PrefabInstance: {fileID: 0}
  m_PrefabAsset: {fileID: 0}
  serializedVersion: 6
  m_Component:
  - component: {fileID: 1746741263942031611}
  m_Layer: 0
  m_Name: RigLFinger23
  m_TagString: Untagged
  m_Icon: {fileID: 0}
  m_NavMeshLayer: 0
  m_StaticEditorFlags: 0
  m_IsActive: 1
--- !u!4 &1746741263942031611
Transform:
  m_ObjectHideFlags: 0
  m_CorrespondingSourceObject: {fileID: 0}
  m_PrefabInstance: {fileID: 0}
  m_PrefabAsset: {fileID: 0}
  m_GameObject: {fileID: 7448880290029633760}
  m_LocalRotation: {x: 0.01778629, y: -0.017348152, z: 0.05915609, w: 0.9979395}
  m_LocalPosition: {x: -0.038318176, y: -0.000000038146972, z: -0.000000114440915}
  m_LocalScale: {x: 1.0000002, y: 1.0000001, z: 0.99999976}
  m_Children: []
  m_Father: {fileID: 8734227410728319970}
  m_RootOrder: 0
  m_LocalEulerAnglesHint: {x: 0, y: 0, z: 0}
--- !u!1 &7505281868123854139
GameObject:
  m_ObjectHideFlags: 0
  m_CorrespondingSourceObject: {fileID: 0}
  m_PrefabInstance: {fileID: 0}
  m_PrefabAsset: {fileID: 0}
  serializedVersion: 6
  m_Component:
  - component: {fileID: 7506318245246197739}
  m_Layer: 0
  m_Name: RigRFinger12
  m_TagString: Untagged
  m_Icon: {fileID: 0}
  m_NavMeshLayer: 0
  m_StaticEditorFlags: 0
  m_IsActive: 1
--- !u!4 &7506318245246197739
Transform:
  m_ObjectHideFlags: 0
  m_CorrespondingSourceObject: {fileID: 0}
  m_PrefabInstance: {fileID: 0}
  m_PrefabAsset: {fileID: 0}
  m_GameObject: {fileID: 7505281868123854139}
  m_LocalRotation: {x: 0.0052404474, y: 0.38736495, z: -0.044471912, w: 0.9208383}
  m_LocalPosition: {x: -0.0513834, y: 0, z: 0}
  m_LocalScale: {x: 0.9999995, y: 1.0000001, z: 1.0000007}
  m_Children:
  - {fileID: 2855460929357641755}
  m_Father: {fileID: 8111563506908402948}
  m_RootOrder: 0
  m_LocalEulerAnglesHint: {x: 0, y: 0, z: 0}
--- !u!1 &7669826656421885564
GameObject:
  m_ObjectHideFlags: 0
  m_CorrespondingSourceObject: {fileID: 0}
  m_PrefabInstance: {fileID: 0}
  m_PrefabAsset: {fileID: 0}
  serializedVersion: 6
  m_Component:
  - component: {fileID: 7383718150258985737}
  m_Layer: 0
  m_Name: RigRToe12
  m_TagString: Untagged
  m_Icon: {fileID: 0}
  m_NavMeshLayer: 0
  m_StaticEditorFlags: 0
  m_IsActive: 1
--- !u!4 &7383718150258985737
Transform:
  m_ObjectHideFlags: 0
  m_CorrespondingSourceObject: {fileID: 0}
  m_PrefabInstance: {fileID: 0}
  m_PrefabAsset: {fileID: 0}
  m_GameObject: {fileID: 7669826656421885564}
  m_LocalRotation: {x: 0.0006140365, y: 0.0014643067, z: 0.98400944, w: 0.17810918}
  m_LocalPosition: {x: -0.057583522, y: -0.0000000011920929, z: 0.000000009536743}
  m_LocalScale: {x: 0.99999994, y: 1, z: 1}
  m_Children: []
  m_Father: {fileID: 2155247029451320483}
  m_RootOrder: 0
  m_LocalEulerAnglesHint: {x: 0, y: 0, z: 0}
--- !u!1 &7692828980704700117
GameObject:
  m_ObjectHideFlags: 0
  m_CorrespondingSourceObject: {fileID: 0}
  m_PrefabInstance: {fileID: 0}
  m_PrefabAsset: {fileID: 0}
  serializedVersion: 6
  m_Component:
  - component: {fileID: 7026816917297441522}
  m_Layer: 0
  m_Name: RigRibcage
  m_TagString: Untagged
  m_Icon: {fileID: 0}
  m_NavMeshLayer: 0
  m_StaticEditorFlags: 0
  m_IsActive: 1
--- !u!4 &7026816917297441522
Transform:
  m_ObjectHideFlags: 0
  m_CorrespondingSourceObject: {fileID: 0}
  m_PrefabInstance: {fileID: 0}
  m_PrefabAsset: {fileID: 0}
  m_GameObject: {fileID: 7692828980704700117}
  m_LocalRotation: {x: -0.009856044, y: 0.02459787, z: 0.04297643, w: 0.99872464}
  m_LocalPosition: {x: -0.17131469, y: 0, z: -9.094947e-15}
  m_LocalScale: {x: 1.0000001, y: 1, z: 1}
  m_Children:
  - {fileID: 5041980529272938530}
  - {fileID: 3518060311697939746}
  - {fileID: 6016874605653608197}
  m_Father: {fileID: 6758498088629282544}
  m_RootOrder: 0
  m_LocalEulerAnglesHint: {x: 0, y: 0, z: 0}
--- !u!1 &7725828949367349574
GameObject:
  m_ObjectHideFlags: 0
  m_CorrespondingSourceObject: {fileID: 0}
  m_PrefabInstance: {fileID: 0}
  m_PrefabAsset: {fileID: 0}
  serializedVersion: 6
  m_Component:
  - component: {fileID: 7903603070179942907}
  - component: {fileID: 25825212537493903}
  - component: {fileID: 8404852767073260012}
  m_Layer: 0
  m_Name: bow
  m_TagString: Untagged
  m_Icon: {fileID: 0}
  m_NavMeshLayer: 0
  m_StaticEditorFlags: 0
  m_IsActive: 1
--- !u!4 &7903603070179942907
Transform:
  m_ObjectHideFlags: 0
  m_CorrespondingSourceObject: {fileID: 0}
  m_PrefabInstance: {fileID: 0}
  m_PrefabAsset: {fileID: 0}
  m_GameObject: {fileID: 7725828949367349574}
  m_LocalRotation: {x: 0, y: -0, z: -0, w: 1}
  m_LocalPosition: {x: 0.22123541, y: 1.0344008, z: 0.72810835}
  m_LocalScale: {x: 1, y: 1, z: 1}
  m_Children: []
  m_Father: {fileID: 2190655150647223962}
  m_RootOrder: 0
  m_LocalEulerAnglesHint: {x: 0, y: 0, z: 0}
--- !u!33 &25825212537493903
MeshFilter:
  m_ObjectHideFlags: 0
  m_CorrespondingSourceObject: {fileID: 0}
  m_PrefabInstance: {fileID: 0}
  m_PrefabAsset: {fileID: 0}
  m_GameObject: {fileID: 7725828949367349574}
  m_Mesh: {fileID: 3833348580219353094, guid: 55a3ce648030e9f4aaece969d428251a, type: 3}
--- !u!23 &8404852767073260012
MeshRenderer:
  m_ObjectHideFlags: 0
  m_CorrespondingSourceObject: {fileID: 0}
  m_PrefabInstance: {fileID: 0}
  m_PrefabAsset: {fileID: 0}
  m_GameObject: {fileID: 7725828949367349574}
  m_Enabled: 1
  m_CastShadows: 1
  m_ReceiveShadows: 1
  m_DynamicOccludee: 1
  m_StaticShadowCaster: 0
  m_MotionVectors: 1
  m_LightProbeUsage: 1
  m_ReflectionProbeUsage: 1
  m_RayTracingMode: 2
  m_RayTraceProcedural: 0
  m_RenderingLayerMask: 1
  m_RendererPriority: 0
  m_Materials:
  - {fileID: 2100000, guid: 645fa106d6ab11d4481add349d222256, type: 2}
  m_StaticBatchInfo:
    firstSubMesh: 0
    subMeshCount: 0
  m_StaticBatchRoot: {fileID: 0}
  m_ProbeAnchor: {fileID: 0}
  m_LightProbeVolumeOverride: {fileID: 0}
  m_ScaleInLightmap: 1
  m_ReceiveGI: 1
  m_PreserveUVs: 0
  m_IgnoreNormalsForChartDetection: 0
  m_ImportantGI: 0
  m_StitchLightmapSeams: 1
  m_SelectedEditorRenderState: 3
  m_MinimumChartSize: 4
  m_AutoUVMaxDistance: 0.5
  m_AutoUVMaxAngle: 89
  m_LightmapParameters: {fileID: 0}
  m_SortingLayerID: 0
  m_SortingLayer: 0
  m_SortingOrder: 0
  m_AdditionalVertexStreams: {fileID: 0}
--- !u!1 &7913298546635595695
GameObject:
  m_ObjectHideFlags: 0
  m_CorrespondingSourceObject: {fileID: 0}
  m_PrefabInstance: {fileID: 0}
  m_PrefabAsset: {fileID: 0}
  serializedVersion: 6
  m_Component:
  - component: {fileID: 3161098871587194819}
  m_Layer: 0
  m_Name: RigLFinger12
  m_TagString: Untagged
  m_Icon: {fileID: 0}
  m_NavMeshLayer: 0
  m_StaticEditorFlags: 0
  m_IsActive: 1
--- !u!4 &3161098871587194819
Transform:
  m_ObjectHideFlags: 0
  m_CorrespondingSourceObject: {fileID: 0}
  m_PrefabInstance: {fileID: 0}
  m_PrefabAsset: {fileID: 0}
  m_GameObject: {fileID: 7913298546635595695}
  m_LocalRotation: {x: -0.0035545854, y: -0.26718637, z: -0.0353062, w: 0.9629913}
  m_LocalPosition: {x: -0.05138343, y: 0, z: -0.000000038146972}
  m_LocalScale: {x: 1.0000005, y: 1.0000001, z: 0.99999976}
  m_Children:
  - {fileID: 1399700356716869742}
  m_Father: {fileID: 7969677665408811180}
  m_RootOrder: 0
  m_LocalEulerAnglesHint: {x: 0, y: 0, z: 0}
--- !u!1 &8051356894971385403
GameObject:
  m_ObjectHideFlags: 0
  m_CorrespondingSourceObject: {fileID: 0}
  m_PrefabInstance: {fileID: 0}
  m_PrefabAsset: {fileID: 0}
  serializedVersion: 6
  m_Component:
  - component: {fileID: 2071339915121802990}
  m_Layer: 0
  m_Name: RigLToe11
  m_TagString: Untagged
  m_Icon: {fileID: 0}
  m_NavMeshLayer: 0
  m_StaticEditorFlags: 0
  m_IsActive: 1
--- !u!4 &2071339915121802990
Transform:
  m_ObjectHideFlags: 0
  m_CorrespondingSourceObject: {fileID: 0}
  m_PrefabInstance: {fileID: 0}
  m_PrefabAsset: {fileID: 0}
  m_GameObject: {fileID: 8051356894971385403}
  m_LocalRotation: {x: -0.014624246, y: -0.00535024, z: -0.3722398, w: 0.92800593}
  m_LocalPosition: {x: -0.13313861, y: -0.000051317213, z: -0.0000045394895}
  m_LocalScale: {x: 1, y: 1.0000001, z: 0.99999994}
  m_Children:
  - {fileID: 8628206867109961120}
  m_Father: {fileID: 2502850067688353105}
  m_RootOrder: 0
  m_LocalEulerAnglesHint: {x: 0, y: 0, z: 0}
--- !u!1 &8524197514986910371
GameObject:
  m_ObjectHideFlags: 0
  m_CorrespondingSourceObject: {fileID: 0}
  m_PrefabInstance: {fileID: 0}
  m_PrefabAsset: {fileID: 0}
  serializedVersion: 6
  m_Component:
  - component: {fileID: 5195821430985149503}
  m_Layer: 0
  m_Name: RigHeadBone001
  m_TagString: Untagged
  m_Icon: {fileID: 0}
  m_NavMeshLayer: 0
  m_StaticEditorFlags: 0
  m_IsActive: 1
--- !u!4 &5195821430985149503
Transform:
  m_ObjectHideFlags: 0
  m_CorrespondingSourceObject: {fileID: 0}
  m_PrefabInstance: {fileID: 0}
  m_PrefabAsset: {fileID: 0}
  m_GameObject: {fileID: 8524197514986910371}
  m_LocalRotation: {x: -0.00000006664002, y: 0, z: -0, w: 1}
  m_LocalPosition: {x: -0.49453285, y: 0.09610081, z: 0.00000008530383}
  m_LocalScale: {x: 1, y: 1, z: 1}
  m_Children: []
  m_Father: {fileID: 8828712523493691282}
  m_RootOrder: 0
  m_LocalEulerAnglesHint: {x: 0, y: 0, z: 0}
--- !u!1 &8683139975879546505
GameObject:
  m_ObjectHideFlags: 0
  m_CorrespondingSourceObject: {fileID: 0}
  m_PrefabInstance: {fileID: 0}
  m_PrefabAsset: {fileID: 0}
  serializedVersion: 6
  m_Component:
  - component: {fileID: 8793257996186367923}
  m_Layer: 0
  m_Name: RigRPalm
  m_TagString: Untagged
  m_Icon: {fileID: 0}
  m_NavMeshLayer: 0
  m_StaticEditorFlags: 0
  m_IsActive: 1
--- !u!4 &8793257996186367923
Transform:
  m_ObjectHideFlags: 0
  m_CorrespondingSourceObject: {fileID: 0}
  m_PrefabInstance: {fileID: 0}
  m_PrefabAsset: {fileID: 0}
  m_GameObject: {fileID: 8683139975879546505}
  m_LocalRotation: {x: 0.9644722, y: 0.20290065, z: -0.06500676, w: 0.15620154}
  m_LocalPosition: {x: -0.20861335, y: -0.000000057220458, z: 0}
  m_LocalScale: {x: 1.0000001, y: 0.99999994, z: 0.99999994}
  m_Children:
  - {fileID: 8111563506908402948}
  - {fileID: 4108099515245655627}
  m_Father: {fileID: 1131028441319334404}
  m_RootOrder: 0
  m_LocalEulerAnglesHint: {x: 0, y: 0, z: 0}
--- !u!1 &8684817904583545713
GameObject:
  m_ObjectHideFlags: 0
  m_CorrespondingSourceObject: {fileID: 0}
  m_PrefabInstance: {fileID: 0}
  m_PrefabAsset: {fileID: 0}
  serializedVersion: 6
  m_Component:
  - component: {fileID: 8111563506908402948}
  m_Layer: 0
  m_Name: RigRFinger11
  m_TagString: Untagged
  m_Icon: {fileID: 0}
  m_NavMeshLayer: 0
  m_StaticEditorFlags: 0
  m_IsActive: 1
--- !u!4 &8111563506908402948
Transform:
  m_ObjectHideFlags: 0
  m_CorrespondingSourceObject: {fileID: 0}
  m_PrefabInstance: {fileID: 0}
  m_PrefabAsset: {fileID: 0}
  m_GameObject: {fileID: 8684817904583545713}
  m_LocalRotation: {x: -0.11783298, y: -0.21719617, z: 0.20627242, w: 0.94678026}
  m_LocalPosition: {x: -0.03561676, y: 0.00009338379, z: -0.052462384}
  m_LocalScale: {x: 0.9999995, y: 1, z: 1.0000006}
  m_Children:
  - {fileID: 7506318245246197739}
  m_Father: {fileID: 8793257996186367923}
  m_RootOrder: 0
  m_LocalEulerAnglesHint: {x: 0, y: 0, z: 0}
--- !u!1 &8728940846842557410
GameObject:
  m_ObjectHideFlags: 0
  m_CorrespondingSourceObject: {fileID: 0}
  m_PrefabInstance: {fileID: 0}
  m_PrefabAsset: {fileID: 0}
  serializedVersion: 6
  m_Component:
  - component: {fileID: 5468866967892195929}
  m_Layer: 0
  m_Name: RigRCalf
  m_TagString: Untagged
  m_Icon: {fileID: 0}
  m_NavMeshLayer: 0
  m_StaticEditorFlags: 0
  m_IsActive: 1
--- !u!4 &5468866967892195929
Transform:
  m_ObjectHideFlags: 0
  m_CorrespondingSourceObject: {fileID: 0}
  m_PrefabInstance: {fileID: 0}
  m_PrefabAsset: {fileID: 0}
  m_GameObject: {fileID: 8728940846842557410}
  m_LocalRotation: {x: -0.048135843, y: 0.000356669, z: 0.25203443, w: 0.9665203}
  m_LocalPosition: {x: -0.25702843, y: 0.000006752014, z: 0.0000004196167}
  m_LocalScale: {x: 0.9999998, y: 0.99999994, z: 0.9999997}
  m_Children:
  - {fileID: 5259939134917871653}
  m_Father: {fileID: 6421453301156572065}
  m_RootOrder: 0
  m_LocalEulerAnglesHint: {x: 0, y: 0, z: 0}
--- !u!1 &8871440668403638550
GameObject:
  m_ObjectHideFlags: 0
  m_CorrespondingSourceObject: {fileID: 0}
  m_PrefabInstance: {fileID: 0}
  m_PrefabAsset: {fileID: 0}
  serializedVersion: 6
  m_Component:
  - component: {fileID: 2855460929357641755}
  m_Layer: 0
  m_Name: RigRFinger13
  m_TagString: Untagged
  m_Icon: {fileID: 0}
  m_NavMeshLayer: 0
  m_StaticEditorFlags: 0
  m_IsActive: 1
--- !u!4 &2855460929357641755
Transform:
  m_ObjectHideFlags: 0
  m_CorrespondingSourceObject: {fileID: 0}
  m_PrefabInstance: {fileID: 0}
  m_PrefabAsset: {fileID: 0}
  m_GameObject: {fileID: 8871440668403638550}
  m_LocalRotation: {x: -0.012239563, y: 0.004879819, z: 0.03411457, w: 0.99933106}
  m_LocalPosition: {x: -0.053491104, y: 0.000000076293944, z: 0.000000038146972}
  m_LocalScale: {x: 0.99999946, y: 1.0000001, z: 1.0000008}
  m_Children: []
  m_Father: {fileID: 7506318245246197739}
  m_RootOrder: 0
  m_LocalEulerAnglesHint: {x: 0, y: 0, z: 0}
